,timestamp,symbol,side,size,price,tickDirection,trdMatchID,grossValue,homeNotional,foreignNotional
0,2020-04-26T13:13:56.071Z,XBTUSD,Sell,100,7671.0,MinusTick,e092a069-dc39-d259-1765-b73214f1baef,1303600,0.013036,100
1,2020-04-26T13:13:55.730Z,XBTUSD,Buy,2000,7671.5,PlusTick,010284e0-9614-0c63-6d73-92deb7e5c1a1,26070000,0.2607,2000
2,2020-04-26T13:13:55.725Z,XBTUSD,Sell,5000,7671.0,ZeroMinusTick,91d316d4-d0ca-e28f-1b7b-559b241207d7,65180000,0.6518,5000
3,2020-04-26T13:13:55.351Z,XBTUSD,Sell,8655,7671.0,ZeroMinusTick,41761534-46bb-a452-5aca-a5428f0b4b54,112826580,1.1282658,8655
4,2020-04-26T13:13:55.351Z,XBTUSD,Sell,7,7671.0,ZeroMinusTick,b167a99f-cf0e-34b0-2b57-64df81036943,91252,0.00091252,7
5,2020-04-26T13:13:55.351Z,XBTUSD,Sell,30,7671.0,ZeroMinusTick,b41e0488-d902-665b-3f42-902978ee9f3f,391080,0.0039108,30
6,2020-04-26T13:13:55.351Z,XBTUSD,Sell,30,7671.0,ZeroMinusTick,f55cbd9b-3111-4f8e-d8de-412638b8f090,391080,0.0039108,30
7,2020-04-26T13:13:55.351Z,XBTUSD,Sell,110,7671.0,ZeroMinusTick,20609fb6-0fdf-4c64-16e9-304a231844a6,1433960,0.0143396,110
8,2020-04-26T13:13:55.351Z,XBTUSD,Sell,34,7671.0,ZeroMinusTick,5327ee0e-7e3c-061f-2d66-e221ad4c3217,443224,0.00443224,34
9,2020-04-26T13:13:55.351Z,XBTUSD,Sell,37,7671.0,ZeroMinusTick,a4514ddc-d77c-a826-9ce3-2ed709ebac37,482332,0.00482332,37
10,2020-04-26T13:13:55.351Z,XBTUSD,Sell,38,7671.0,ZeroMinusTick,b743a4e4-8555-973b-292a-e9e14d7a2eda,495368,0.00495368,38
11,2020-04-26T13:13:55.351Z,XBTUSD,Sell,22,7671.0,ZeroMinusTick,9654be96-7d81-2cf9-4bbc-1448007dc35c,286792,0.00286792,22
12,2020-04-26T13:13:55.351Z,XBTUSD,Sell,37,7671.0,ZeroMinusTick,37705366-0640-250d-b2c4-e66d3535c07a,482332,0.00482332,37
13,2020-04-26T13:13:55.351Z,XBTUSD,Sell,21,7671.0,ZeroMinusTick,b323ddea-f93c-b5f1-9e2d-b9771f863ab3,273756,0.00273756,21
14,2020-04-26T13:13:55.351Z,XBTUSD,Sell,38,7671.0,ZeroMinusTick,55e13a71-e0c6-882c-e3a3-a7038f7f9e88,495368,0.00495368,38
15,2020-04-26T13:13:55.351Z,XBTUSD,Sell,24,7671.0,ZeroMinusTick,ad06534b-e968-8919-a580-afb3606e2e31,312864,0.00312864,24
16,2020-04-26T13:13:55.351Z,XBTUSD,Sell,22,7671.0,ZeroMinusTick,b912b31e-f0a8-9c7c-2470-4deda611dfea,286792,0.00286792,22
17,2020-04-26T13:13:55.351Z,XBTUSD,Sell,37,7671.0,ZeroMinusTick,1ed3a498-ba71-614f-1ca0-e474fccf4b5e,482332,0.00482332,37
18,2020-04-26T13:13:55.351Z,XBTUSD,Sell,40,7671.0,ZeroMinusTick,be23f5c7-2352-3c20-c146-6869dff8d7cd,521440,0.0052144,40
19,2020-04-26T13:13:55.351Z,XBTUSD,Sell,21,7671.0,ZeroMinusTick,811f41ac-fe2d-1eb9-07dc-792ed1b80e88,273756,0.00273756,21
20,2020-04-26T13:13:55.351Z,XBTUSD,Sell,28,7671.0,ZeroMinusTick,b7b115f9-bd96-b025-dff9-b201163945e7,365008,0.00365008,28
21,2020-04-26T13:13:55.351Z,XBTUSD,Sell,28,7671.0,ZeroMinusTick,5dbdf8ab-3bdf-dd60-7218-a76bf00c234e,365008,0.00365008,28
22,2020-04-26T13:13:55.351Z,XBTUSD,Sell,36,7671.0,ZeroMinusTick,e584f93d-665f-56c1-60d8-3bcf33f8429c,469296,0.00469296,36
23,2020-04-26T13:13:55.351Z,XBTUSD,Sell,23,7671.0,ZeroMinusTick,57b91928-17ee-cdfb-17e4-b3ad94d2757c,299828,0.00299828,23
24,2020-04-26T13:13:55.351Z,XBTUSD,Sell,39,7671.0,ZeroMinusTick,45335a67-0923-2078-e576-6d7f2fcf78d7,508404,0.00508404,39
25,2020-04-26T13:13:55.351Z,XBTUSD,Sell,37,7671.0,ZeroMinusTick,3cdd89be-32c5-8b37-6388-7e6319e703ce,482332,0.00482332,37
26,2020-04-26T13:13:55.351Z,XBTUSD,Sell,30,7671.0,ZeroMinusTick,8d1944a5-0490-358c-4420-f7aeced46602,391080,0.0039108,30
27,2020-04-26T13:13:55.351Z,XBTUSD,Sell,39,7671.0,ZeroMinusTick,78f52244-d5c1-4979-fb13-60f5ad15cae8,508404,0.00508404,39
28,2020-04-26T13:13:55.351Z,XBTUSD,Sell,31,7671.0,ZeroMinusTick,53a9810c-22d8-b7e7-2105-1c01addb32b7,404116,0.00404116,31
29,2020-04-26T13:13:55.351Z,XBTUSD,Sell,30,7671.0,ZeroMinusTick,5c51665f-37b1-7cf7-8881-ac772cdb2761,391080,0.0039108,30
30,2020-04-26T13:13:55.351Z,XBTUSD,Sell,35,7671.0,ZeroMinusTick,b881c42e-b6e7-99e3-8050-2284a46755d2,456260,0.0045626,35
31,2020-04-26T13:13:55.351Z,XBTUSD,Sell,20,7671.0,ZeroMinusTick,33a5fe06-2fc1-d4f0-0f66-e50abf33c7cf,260720,0.0026072,20
32,2020-04-26T13:13:55.351Z,XBTUSD,Sell,52,7671.0,ZeroMinusTick,6861c8c3-79e5-4d39-90e6-063f06acc959,677872,0.00677872,52
33,2020-04-26T13:13:55.351Z,XBTUSD,Sell,66,7671.0,ZeroMinusTick,429651ec-fe01-a183-a53c-57121c12f0bf,860376,0.00860376,66
34,2020-04-26T13:13:55.351Z,XBTUSD,Sell,300,7671.0,ZeroMinusTick,299ac95c-0e7b-3370-b772-42e9fc045c0b,3910800,0.039108,300
35,2020-04-26T13:13:55.351Z,XBTUSD,Sell,3,7671.0,ZeroMinusTick,ed5f30dc-e7e0-01c5-888c-9ed94558ef90,39108,0.00039108,3
36,2020-04-26T13:13:55.343Z,XBTUSD,Sell,20,7671.0,ZeroMinusTick,af62135e-f6d0-18b2-faab-e9c084530794,260720,0.0026072,20
37,2020-04-26T13:13:55.194Z,XBTUSD,Sell,7,7671.0,ZeroMinusTick,dbd2a562-f4fb-e89f-29ae-cd4d03e84993,91252,0.00091252,7
38,2020-04-26T13:13:55.194Z,XBTUSD,Sell,24,7671.0,ZeroMinusTick,a16f82d4-3528-7ba6-392d-53f0dbc2f49f,312864,0.00312864,24
39,2020-04-26T13:13:55.194Z,XBTUSD,Sell,21,7671.0,ZeroMinusTick,3be7f173-5395-dd4a-729b-0c46a3e827a5,273756,0.00273756,21
40,2020-04-26T13:13:55.194Z,XBTUSD,Sell,34,7671.0,ZeroMinusTick,0ddb213a-f723-31ad-5a03-e3b901b2cd4f,443224,0.00443224,34
41,2020-04-26T13:13:55.194Z,XBTUSD,Sell,35,7671.0,ZeroMinusTick,6f86413e-c36f-d528-dc63-7bb2727b7b7b,456260,0.0045626,35
42,2020-04-26T13:13:55.194Z,XBTUSD,Sell,34,7671.0,ZeroMinusTick,2988636a-b3dd-0c96-555f-ef867445ab1c,443224,0.00443224,34
43,2020-04-26T13:13:55.194Z,XBTUSD,Sell,36,7671.0,ZeroMinusTick,25ecff72-e6fc-4201-bb2c-f1e4e6618e77,469296,0.00469296,36
44,2020-04-26T13:13:55.194Z,XBTUSD,Sell,23,7671.0,ZeroMinusTick,c5cca741-b30e-8747-2ec2-686b694601b6,299828,0.00299828,23
45,2020-04-26T13:13:55.194Z,XBTUSD,Sell,23,7671.0,ZeroMinusTick,e0e9573f-ff58-bef4-ecc9-a86531baf7bb,299828,0.00299828,23
46,2020-04-26T13:13:55.194Z,XBTUSD,Sell,27,7671.0,ZeroMinusTick,955d5c6b-921f-4adc-54e3-e936eb0ad511,351972,0.00351972,27
47,2020-04-26T13:13:55.194Z,XBTUSD,Sell,37,7671.0,ZeroMinusTick,43d67a7b-5168-b7bd-29fa-b605767fab22,482332,0.00482332,37
48,2020-04-26T13:13:55.194Z,XBTUSD,Sell,29,7671.0,ZeroMinusTick,817994d7-0041-0a04-5f71-b6c18a79edd5,378044,0.00378044,29
49,2020-04-26T13:13:55.194Z,XBTUSD,Sell,30,7671.0,ZeroMinusTick,03c5d765-bc69-3bb8-dca8-a5f9ca09999c,391080,0.0039108,30
50,2020-04-26T13:13:55.194Z,XBTUSD,Sell,38,7671.0,ZeroMinusTick,739c7c47-a687-2b3d-d8f2-f66ec1186705,495368,0.00495368,38
51,2020-04-26T13:13:55.194Z,XBTUSD,Sell,28,7671.0,ZeroMinusTick,fd8e4018-4d16-1f62-562d-65bc00b5c64c,365008,0.00365008,28
52,2020-04-26T13:13:55.194Z,XBTUSD,Sell,37,7671.0,ZeroMinusTick,0ac3c998-a3f0-83e3-81fa-ea5667d051c6,482332,0.00482332,37
53,2020-04-26T13:13:55.194Z,XBTUSD,Sell,26,7671.0,ZeroMinusTick,ebd92923-2460-3087-1a1f-858688eecf48,338936,0.00338936,26
54,2020-04-26T13:13:55.194Z,XBTUSD,Sell,40,7671.0,ZeroMinusTick,d60616f2-76c1-0137-c0ba-f9a722112814,521440,0.0052144,40
55,2020-04-26T13:13:55.194Z,XBTUSD,Sell,34,7671.0,ZeroMinusTick,d75481aa-9e68-c5f6-adfc-fb66cb6027f8,443224,0.00443224,34
56,2020-04-26T13:13:55.194Z,XBTUSD,Sell,32,7671.0,ZeroMinusTick,aee0c065-25ea-150b-4587-0395df637bd4,417152,0.00417152,32
57,2020-04-26T13:13:55.194Z,XBTUSD,Sell,24,7671.0,ZeroMinusTick,0569711f-a233-f5d6-788b-390cae73a38c,312864,0.00312864,24
58,2020-04-26T13:13:55.194Z,XBTUSD,Sell,34,7671.0,ZeroMinusTick,ad2e6565-9316-ab91-c24c-5528d30e09ad,443224,0.00443224,34
59,2020-04-26T13:13:55.194Z,XBTUSD,Sell,23,7671.0,ZeroMinusTick,93623963-3b2f-4811-83ff-81cee8b7a84c,299828,0.00299828,23
60,2020-04-26T13:13:55.194Z,XBTUSD,Sell,25,7671.0,ZeroMinusTick,15853682-b46d-f203-cda4-b60731ace08b,325900,0.003259,25
61,2020-04-26T13:13:55.194Z,XBTUSD,Sell,24,7671.0,ZeroMinusTick,957e01b9-155c-648b-54a7-60d48a5b016a,312864,0.00312864,24
62,2020-04-26T13:13:55.086Z,XBTUSD,Sell,7,7671.0,ZeroMinusTick,40c26b3f-d251-4870-fa32-4eb1996054d8,91252,0.00091252,7
63,2020-04-26T13:13:55.086Z,XBTUSD,Sell,39,7671.0,ZeroMinusTick,ee6e6c4d-68c2-908b-f74e-bc69956cd66c,508404,0.00508404,39
64,2020-04-26T13:13:55.086Z,XBTUSD,Sell,30,7671.0,ZeroMinusTick,3e9c0e55-0fcf-2fe9-99f9-4144ae0e3312,391080,0.0039108,30
65,2020-04-26T13:13:55.086Z,XBTUSD,Sell,35,7671.0,ZeroMinusTick,7d53023f-2968-9004-bed9-9b02fb1b2644,456260,0.0045626,35
66,2020-04-26T13:13:55.086Z,XBTUSD,Sell,24,7671.0,ZeroMinusTick,d753c7e6-531f-7bd7-f792-a113ca7f9716,312864,0.00312864,24
67,2020-04-26T13:13:55.086Z,XBTUSD,Sell,28,7671.0,ZeroMinusTick,89880679-ba5f-c704-a0eb-e4294a7c3671,365008,0.00365008,28
68,2020-04-26T13:13:55.086Z,XBTUSD,Sell,29,7671.0,ZeroMinusTick,e4d74dfc-86fd-0507-2b19-603f12e55602,378044,0.00378044,29
69,2020-04-26T13:13:55.086Z,XBTUSD,Sell,34,7671.0,ZeroMinusTick,b89fdcb6-5b66-23f0-4e0a-81957da85f69,443224,0.00443224,34
70,2020-04-26T13:13:55.086Z,XBTUSD,Sell,30,7671.0,ZeroMinusTick,6d4838d1-9e8a-d5c7-4499-623c52a3ec54,391080,0.0039108,30
71,2020-04-26T13:13:55.086Z,XBTUSD,Sell,21,7671.0,ZeroMinusTick,b8c87684-f937-3517-f1ca-769faf607dd4,273756,0.00273756,21
72,2020-04-26T13:13:55.086Z,XBTUSD,Sell,30,7671.0,ZeroMinusTick,07aaa3d9-f933-0c66-8382-b11536a92aaf,391080,0.0039108,30
73,2020-04-26T13:13:55.086Z,XBTUSD,Sell,36,7671.0,ZeroMinusTick,575c0f7d-2caf-3940-1cdf-edaddc906fca,469296,0.00469296,36
74,2020-04-26T13:13:55.086Z,XBTUSD,Sell,40,7671.0,ZeroMinusTick,89928a72-8285-4e12-df6c-9ba25b24e6eb,521440,0.0052144,40
75,2020-04-26T13:13:55.086Z,XBTUSD,Sell,39,7671.0,ZeroMinusTick,4df07cc4-056a-51c1-90c1-0f491efa34d4,508404,0.00508404,39
76,2020-04-26T13:13:55.086Z,XBTUSD,Sell,128,7671.0,ZeroMinusTick,c604fa16-36aa-1849-2ff6-ce876ff7b9bc,1668608,0.01668608,128
77,2020-04-26T13:13:54.939Z,XBTUSD,Sell,2500,7671.0,ZeroMinusTick,c73c955b-c581-97af-417c-9828f4bd6589,32590000,0.3259,2500
78,2020-04-26T13:13:54.854Z,XBTUSD,Sell,1,7671.0,ZeroMinusTick,b46b79c6-6102-11c1-e561-ee2f373687f5,13036,0.00013036,1
79,2020-04-26T13:13:54.646Z,XBTUSD,Sell,500,7671.0,ZeroMinusTick,0788be52-2c89-6c32-1c0b-f99c6d46928e,6518000,0.06518,500
80,2020-04-26T13:13:54.533Z,XBTUSD,Sell,100,7671.0,ZeroMinusTick,5b7e035c-c2a3-a0fa-545b-87ff3aafbf4b,1303600,0.013036,100
81,2020-04-26T13:13:54.296Z,XBTUSD,Sell,3000,7671.0,ZeroMinusTick,3f980d13-7d02-3586-e11e-7ce6ff2c9094,39108000,0.39108,3000
82,2020-04-26T13:13:54.281Z,XBTUSD,Sell,403,7671.0,ZeroMinusTick,548a4116-bd60-74ef-0e0f-2183f2a29cdf,5253508,0.05253508,403
83,2020-04-26T13:13:54.226Z,XBTUSD,Sell,30000,7671.0,ZeroMinusTick,90f89a55-8050-7409-456c-de50acc96310,391080000,3.9108,30000
84,2020-04-26T13:13:54.172Z,XBTUSD,Sell,140,7671.0,ZeroMinusTick,6c3f1883-bf9a-4c6f-1ba7-1fb0f0c47feb,1825040,0.0182504,140
85,2020-04-26T13:13:53.631Z,XBTUSD,Sell,3228,7671.0,ZeroMinusTick,694877a4-dc96-e6f2-a360-1c5d5fee8179,42080208,0.42080208,3228
86,2020-04-26T13:13:53.631Z,XBTUSD,Sell,37,7671.0,ZeroMinusTick,709f80bf-988a-9811-4a0b-5f2331e9e4fb,482332,0.00482332,37
87,2020-04-26T13:13:53.631Z,XBTUSD,Sell,124,7671.0,ZeroMinusTick,da237c2f-4fd8-2ca0-883c-d58ce955b7ed,1616464,0.01616464,124
88,2020-04-26T13:13:53.631Z,XBTUSD,Sell,29,7671.0,MinusTick,dad3ef19-c6e5-1583-0f2c-3ea2cc1d5fb5,378044,0.00378044,29
89,2020-04-26T13:13:53.631Z,XBTUSD,Sell,3,7671.5,ZeroMinusTick,afb8d1b0-30ab-7916-b9d1-5fabd44ea4c6,39105,0.00039105,3
90,2020-04-26T13:13:53.631Z,XBTUSD,Sell,64,7671.5,ZeroMinusTick,ec4da76b-31f6-074f-b66a-99967e605501,834240,0.0083424,64
91,2020-04-26T13:13:53.631Z,XBTUSD,Sell,22,7671.5,ZeroMinusTick,c25c01c5-cc2c-2da1-3ae1-96da6d4a7162,286770,0.0028677,22
92,2020-04-26T13:13:53.631Z,XBTUSD,Sell,21,7671.5,ZeroMinusTick,8ffe02e7-1eeb-142e-4af3-84a8b3832278,273735,0.00273735,21
93,2020-04-26T13:13:53.631Z,XBTUSD,Sell,34,7671.5,ZeroMinusTick,c9819491-e288-e840-45b6-477128f9bc8a,443190,0.0044319,34
94,2020-04-26T13:13:53.631Z,XBTUSD,Sell,27,7671.5,ZeroMinusTick,68d5607c-e152-3c2d-eda6-c593d30e5185,351945,0.00351945,27
95,2020-04-26T13:13:53.631Z,XBTUSD,Sell,33,7671.5,ZeroMinusTick,189578ff-113c-1294-4394-7e6b6fb7354a,430155,0.00430155,33
96,2020-04-26T13:13:53.631Z,XBTUSD,Sell,40,7671.5,ZeroMinusTick,54b1e002-9997-db69-8466-729ce34a7886,521400,0.005214,40
97,2020-04-26T13:13:53.631Z,XBTUSD,Sell,36,7671.5,ZeroMinusTick,de08139f-59bf-394b-3f24-1d443ec2546a,469260,0.0046926,36
98,2020-04-26T13:13:53.631Z,XBTUSD,Sell,25,7671.5,ZeroMinusTick,be858320-ffd7-e50f-6b5e-4467c3fedba3,325875,0.00325875,25
99,2020-04-26T13:13:53.631Z,XBTUSD,Sell,30,7671.5,ZeroMinusTick,db9197aa-ef82-d2ef-bf6c-5cdda6590412,391050,0.0039105,30
100,2020-04-26T13:13:53.631Z,XBTUSD,Sell,28,7671.5,ZeroMinusTick,6fb8dc20-a803-b356-2847-f451812dfc0d,364980,0.0036498,28
101,2020-04-26T13:13:53.631Z,XBTUSD,Sell,36,7671.5,ZeroMinusTick,e9523e50-84d2-87fd-05f8-a21961197632,469260,0.0046926,36
102,2020-04-26T13:13:53.631Z,XBTUSD,Sell,23,7671.5,ZeroMinusTick,b3928ea2-8cde-3ffa-0afc-896f3fbc5b5c,299805,0.00299805,23
103,2020-04-26T13:13:53.631Z,XBTUSD,Sell,33,7671.5,ZeroMinusTick,7fa6d74d-49f7-494d-8a6a-daee0b4b02c3,430155,0.00430155,33
104,2020-04-26T13:13:53.631Z,XBTUSD,Sell,27,7671.5,ZeroMinusTick,7d6d156c-dd67-b586-2201-354d27c3bac6,351945,0.00351945,27
105,2020-04-26T13:13:53.631Z,XBTUSD,Sell,26,7671.5,ZeroMinusTick,35d36841-bd93-13dd-1213-b081340ae5ad,338910,0.0033891,26
106,2020-04-26T13:13:53.631Z,XBTUSD,Sell,32,7671.5,ZeroMinusTick,6e4deecf-f34b-8561-3443-d8441c4d9bf3,417120,0.0041712,32
107,2020-04-26T13:13:53.631Z,XBTUSD,Sell,29,7671.5,ZeroMinusTick,070f55e2-e7d7-3830-50a6-a5c64c14e064,378015,0.00378015,29
108,2020-04-26T13:13:53.631Z,XBTUSD,Sell,31,7671.5,ZeroMinusTick,75e7e76e-e65d-21ec-727b-18a86ad90bf7,404085,0.00404085,31
109,2020-04-26T13:13:53.631Z,XBTUSD,Sell,39,7671.5,ZeroMinusTick,87dc9e89-6702-367e-c226-c7714929d1e1,508365,0.00508365,39
110,2020-04-26T13:13:53.631Z,XBTUSD,Sell,30,7671.5,ZeroMinusTick,260d5c22-f5b7-670f-2c7e-a15446a8b94e,391050,0.0039105,30
111,2020-04-26T13:13:53.631Z,XBTUSD,Sell,35,7671.5,ZeroMinusTick,93e9fe67-d248-dda7-c76d-4e6430ccaf62,456225,0.00456225,35
112,2020-04-26T13:13:53.631Z,XBTUSD,Sell,34,7671.5,ZeroMinusTick,363885c3-716f-b35c-c0c8-b6239b5af139,443190,0.0044319,34
113,2020-04-26T13:13:53.631Z,XBTUSD,Sell,33,7671.5,ZeroMinusTick,c0d6d144-aac5-2615-1b7c-6833ba6096a1,430155,0.00430155,33
114,2020-04-26T13:13:53.631Z,XBTUSD,Sell,31,7671.5,ZeroMinusTick,1d5fb68f-e1d6-2fcb-6fc6-5817b497b685,404085,0.00404085,31
115,2020-04-26T13:13:53.631Z,XBTUSD,Sell,31,7671.5,ZeroMinusTick,efbeafbf-c90d-bd7c-4179-a6e519ae73d7,404085,0.00404085,31
116,2020-04-26T13:13:53.631Z,XBTUSD,Sell,39,7671.5,ZeroMinusTick,2439e5be-09b9-c5a6-8158-7ca22221efc2,508365,0.00508365,39
117,2020-04-26T13:13:53.631Z,XBTUSD,Sell,29,7671.5,ZeroMinusTick,209da65a-23f7-339f-17f8-0d2f101523f6,378015,0.00378015,29
118,2020-04-26T13:13:53.631Z,XBTUSD,Sell,33,7671.5,ZeroMinusTick,8f9603f0-223a-ab86-fa9f-87f3176a561e,430155,0.00430155,33
119,2020-04-26T13:13:53.631Z,XBTUSD,Sell,24,7671.5,ZeroMinusTick,c342d348-fa6c-6e1a-767c-33e0ce46d3b3,312840,0.0031284,24
120,2020-04-26T13:13:53.631Z,XBTUSD,Sell,23,7671.5,ZeroMinusTick,a46b8665-5b7b-6405-008c-49afe1e1fbf7,299805,0.00299805,23
121,2020-04-26T13:13:53.631Z,XBTUSD,Sell,25,7671.5,ZeroMinusTick,2d0fd64a-a548-3416-bbd5-8b8563008902,325875,0.00325875,25
122,2020-04-26T13:13:53.631Z,XBTUSD,Sell,21,7671.5,ZeroMinusTick,93b21771-3315-53d1-fcc2-d6ca92dcda07,273735,0.00273735,21
123,2020-04-26T13:13:53.631Z,XBTUSD,Sell,37,7671.5,ZeroMinusTick,5f8f3563-c8c9-10ca-e0e5-86186b4df2e0,482295,0.00482295,37
124,2020-04-26T13:13:53.631Z,XBTUSD,Sell,28,7671.5,ZeroMinusTick,449bacc6-455b-ecb2-358e-de92a107fc81,364980,0.0036498,28
125,2020-04-26T13:13:53.631Z,XBTUSD,Sell,21,7671.5,ZeroMinusTick,972d28ec-1ea1-bbd2-e599-ea23d0e1dad1,273735,0.00273735,21
126,2020-04-26T13:13:53.631Z,XBTUSD,Sell,25,7671.5,ZeroMinusTick,a2d93209-6d75-faf7-d6bb-b95a2057c3d1,325875,0.00325875,25
127,2020-04-26T13:13:53.631Z,XBTUSD,Sell,38,7671.5,ZeroMinusTick,42ccce1f-9100-c64b-6a0b-2786488dbd20,495330,0.0049533,38
128,2020-04-26T13:13:53.631Z,XBTUSD,Sell,23,7671.5,ZeroMinusTick,28ebbdc9-d896-6b79-1674-b06e4e74aeaa,299805,0.00299805,23
129,2020-04-26T13:13:53.631Z,XBTUSD,Sell,30,7671.5,ZeroMinusTick,20ad7658-a312-6d14-7d94-9ce22e9a81bd,391050,0.0039105,30
130,2020-04-26T13:13:53.631Z,XBTUSD,Sell,31,7671.5,ZeroMinusTick,951633b7-720e-0064-d4b5-586b37ce81bf,404085,0.00404085,31
131,2020-04-26T13:13:53.631Z,XBTUSD,Sell,40,7671.5,ZeroMinusTick,1ca65a00-00be-2903-9f8d-045cdfef6cff,521400,0.005214,40
132,2020-04-26T13:13:53.631Z,XBTUSD,Sell,28,7671.5,ZeroMinusTick,4eba0e9b-c7c5-cf82-5b6b-5e6ec2a4586e,364980,0.0036498,28
133,2020-04-26T13:13:53.631Z,XBTUSD,Sell,29,7671.5,ZeroMinusTick,639681c8-6c1f-c8d2-0e83-226501d1d911,378015,0.00378015,29
134,2020-04-26T13:13:53.631Z,XBTUSD,Sell,37,7671.5,ZeroMinusTick,01b341b9-b64e-abbe-0a8e-a3ccbe34690a,482295,0.00482295,37
135,2020-04-26T13:13:53.631Z,XBTUSD,Sell,25,7671.5,ZeroMinusTick,410f7225-78b5-c6ec-b089-5592d7586d5a,325875,0.00325875,25
136,2020-04-26T13:13:53.631Z,XBTUSD,Sell,36,7671.5,ZeroMinusTick,00011e5a-1279-93f8-e6c1-20d7209d58c8,469260,0.0046926,36
137,2020-04-26T13:13:53.631Z,XBTUSD,Sell,23,7671.5,ZeroMinusTick,a31c073a-8da5-09e9-ed51-6cc58895c03c,299805,0.00299805,23
138,2020-04-26T13:13:53.631Z,XBTUSD,Sell,500,7671.5,ZeroMinusTick,cb4fd31c-ae81-4889-4a30-cadebe764a4e,6517500,0.065175,500
139,2020-04-26T13:13:53.631Z,XBTUSD,Sell,109,7671.5,ZeroMinusTick,fd7d37b1-89a7-a122-6af3-0128233bf20b,1420815,0.01420815,109
140,2020-04-26T13:13:53.631Z,XBTUSD,Sell,25,7671.5,ZeroMinusTick,e0741e6f-7be7-d088-8918-fe5b64605be8,325875,0.00325875,25
141,2020-04-26T13:13:53.631Z,XBTUSD,Sell,33,7671.5,ZeroMinusTick,00acbf94-71e8-1fb1-8db8-9f69e7792126,430155,0.00430155,33
142,2020-04-26T13:13:53.631Z,XBTUSD,Sell,29,7671.5,ZeroMinusTick,bfda9b6f-e5cb-3c03-a491-915240934c6f,378015,0.00378015,29
143,2020-04-26T13:13:53.631Z,XBTUSD,Sell,26,7671.5,ZeroMinusTick,989dbf55-a2dd-511e-e8b9-982f5fc57216,338910,0.0033891,26
144,2020-04-26T13:13:53.631Z,XBTUSD,Sell,31,7671.5,ZeroMinusTick,01964d1d-d03f-cc7a-33fa-332e763330e8,404085,0.00404085,31
145,2020-04-26T13:13:53.631Z,XBTUSD,Sell,24,7671.5,ZeroMinusTick,39134bf7-06c7-ecd2-27db-4bced95cbe43,312840,0.0031284,24
146,2020-04-26T13:13:53.631Z,XBTUSD,Sell,39,7671.5,ZeroMinusTick,c11a5491-8a3a-5b47-790e-4ec6e4ab3e5e,508365,0.00508365,39
147,2020-04-26T13:13:53.631Z,XBTUSD,Sell,37,7671.5,ZeroMinusTick,98cfbbc5-fe77-8ca5-642c-f615355849bf,482295,0.00482295,37
148,2020-04-26T13:13:53.631Z,XBTUSD,Sell,39,7671.5,ZeroMinusTick,a461f1a3-667a-233e-b13e-d688ee1ed3a2,508365,0.00508365,39
149,2020-04-26T13:13:53.631Z,XBTUSD,Sell,40,7671.5,ZeroMinusTick,c7f5ec25-4f66-35b2-31d6-21fd69710fc7,521400,0.005214,40
150,2020-04-26T13:13:53.631Z,XBTUSD,Sell,39,7671.5,ZeroMinusTick,34864722-b25b-713e-7c78-af3fefa700b2,508365,0.00508365,39
151,2020-04-26T13:13:53.631Z,XBTUSD,Sell,39,7671.5,ZeroMinusTick,8b0515f8-09f3-8fd4-556a-982a50bb4070,508365,0.00508365,39
152,2020-04-26T13:13:53.631Z,XBTUSD,Sell,29,7671.5,ZeroMinusTick,f9f52037-4538-eefe-1fb7-b68e24c37478,378015,0.00378015,29
153,2020-04-26T13:13:53.631Z,XBTUSD,Sell,40,7671.5,ZeroMinusTick,f42f207c-01ec-7262-7b13-c7c642f927af,521400,0.005214,40
154,2020-04-26T13:13:53.631Z,XBTUSD,Sell,25,7671.5,MinusTick,7654b0b7-72df-9397-d216-e942ffca12d7,325875,0.00325875,25
155,2020-04-26T13:13:53.419Z,XBTUSD,Buy,10842,7672.0,ZeroPlusTick,5776803f-36fe-8125-6055-bb15d233db2e,141314628,1.41314628,10842
156,2020-04-26T13:13:53.419Z,XBTUSD,Buy,15000,7672.0,ZeroPlusTick,6abe80f8-dcbc-471d-0c61-4d7e9fcf192e,195510000,1.9551,15000
157,2020-04-26T13:13:53.419Z,XBTUSD,Buy,20000,7672.0,ZeroPlusTick,269a61af-9799-c196-8673-17c80fe87956,260680000,2.6068,20000
158,2020-04-26T13:13:53.419Z,XBTUSD,Buy,15000,7672.0,ZeroPlusTick,a0664aed-bdfd-bf01-3f15-32ad61237e2a,195510000,1.9551,15000
159,2020-04-26T13:13:53.419Z,XBTUSD,Buy,25168,7672.0,ZeroPlusTick,7c89090c-a11a-3d46-137e-cf25409f8619,328039712,3.28039712,25168
160,2020-04-26T13:13:53.419Z,XBTUSD,Buy,20000,7672.0,ZeroPlusTick,1ac5862c-60f5-7dfb-2224-628f05da0f7d,260680000,2.6068,20000
161,2020-04-26T13:13:53.419Z,XBTUSD,Buy,13990,7672.0,PlusTick,ab437db6-d809-7429-1636-85a794edef9c,182345660,1.8234566,13990
162,2020-04-26T13:13:53.228Z,XBTUSD,Sell,77,7671.5,ZeroMinusTick,d7b6a95e-6318-1242-28e3-c86e32f34d15,1003695,0.01003695,77
163,2020-04-26T13:13:53.023Z,XBTUSD,Sell,31,7671.5,MinusTick,f09b30b0-fb9c-4b63-44db-264d5d48993c,404085,0.00404085,31
164,2020-04-26T13:13:52.912Z,XBTUSD,Buy,1000,7672.0,PlusTick,d4b40bd4-609f-2c33-aa3f-a934e68c2fc6,13034000,0.13034,1000
165,2020-04-26T13:13:52.743Z,XBTUSD,Sell,1840,7671.5,ZeroMinusTick,14b3b345-faaa-f94b-4ffb-7260a5519dd9,23984400,0.239844,1840
166,2020-04-26T13:13:52.446Z,XBTUSD,Sell,500,7671.5,MinusTick,ee933ca9-7572-ad95-31eb-6c13bf04bb0b,6517500,0.065175,500
167,2020-04-26T13:13:52.431Z,XBTUSD,Buy,10,7672.0,PlusTick,1668c5b8-cdb3-dae1-a65a-a4aa42e9abbc,130340,0.0013034,10
168,2020-04-26T13:13:52.424Z,XBTUSD,Sell,2400,7671.5,ZeroMinusTick,49236f02-500d-3af6-b112-299ff840b6e2,31284000,0.31284,2400
169,2020-04-26T13:13:52.262Z,XBTUSD,Sell,1003,7671.5,ZeroMinusTick,ff66fabb-1cf9-3325-099d-f55b3bcd799c,13074105,0.13074105,1003
170,2020-04-26T13:13:52.228Z,XBTUSD,Sell,77,7671.5,ZeroMinusTick,cb8d560e-24e2-f873-31aa-ce186cd3e94d,1003695,0.01003695,77
171,2020-04-26T13:13:51.927Z,XBTUSD,Sell,5056,7671.5,ZeroMinusTick,096a8ed0-9fa8-20e3-cf48-c59d0089ec05,65904960,0.6590496,5056
172,2020-04-26T13:13:51.927Z,XBTUSD,Sell,31,7671.5,ZeroMinusTick,1ca27081-0377-1d68-762f-e94c90394cd6,404085,0.00404085,31
173,2020-04-26T13:13:51.927Z,XBTUSD,Sell,22,7671.5,ZeroMinusTick,c5258ed4-e5c6-5c8a-efcf-a3f7508be78f,286770,0.0028677,22
174,2020-04-26T13:13:51.927Z,XBTUSD,Sell,20,7671.5,ZeroMinusTick,c9f835cc-c6d7-96cd-34d6-b725836308dc,260700,0.002607,20
175,2020-04-26T13:13:51.927Z,XBTUSD,Sell,1000,7671.5,ZeroMinusTick,4211dae1-ffab-3a4c-6d7e-31634d7f196a,13035000,0.13035,1000
176,2020-04-26T13:13:51.927Z,XBTUSD,Sell,60,7671.5,ZeroMinusTick,55808041-ae67-f5f7-9f1d-6fa82ad86611,782100,0.007821,60
177,2020-04-26T13:13:51.927Z,XBTUSD,Sell,34,7671.5,ZeroMinusTick,25c41385-a98b-d1d4-af10-ca240c37e72e,443190,0.0044319,34
178,2020-04-26T13:13:51.927Z,XBTUSD,Sell,30,7671.5,ZeroMinusTick,86337937-3ffc-2655-d61b-e16b287c51ff,391050,0.0039105,30
179,2020-04-26T13:13:51.927Z,XBTUSD,Sell,100,7671.5,ZeroMinusTick,c92df296-7f66-093a-43ce-d73216e3ecea,1303500,0.013035,100
180,2020-04-26T13:13:51.927Z,XBTUSD,Sell,647,7671.5,ZeroMinusTick,dc6dd84c-5dae-9e77-3c09-271ba47a7956,8433645,0.08433645,647
181,2020-04-26T13:13:51.909Z,XBTUSD,Sell,353,7671.5,ZeroMinusTick,3c5bac5b-be2b-9ec8-6fb8-845cb3084fa3,4601355,0.04601355,353
182,2020-04-26T13:13:51.909Z,XBTUSD,Sell,1000,7671.5,ZeroMinusTick,dd213b68-563c-f178-2d68-a565a2ece6c4,13035000,0.13035,1000
183,2020-04-26T13:13:51.909Z,XBTUSD,Sell,24,7671.5,ZeroMinusTick,145afb9a-bdb7-ddf1-cd31-11db87d068f2,312840,0.0031284,24
184,2020-04-26T13:13:51.909Z,XBTUSD,Sell,38,7671.5,ZeroMinusTick,1a198533-8604-446d-c514-f42dce5cb756,495330,0.0049533,38
185,2020-04-26T13:13:51.909Z,XBTUSD,Sell,20,7671.5,ZeroMinusTick,60665530-9658-a5f2-fece-f070b43b50db,260700,0.002607,20
186,2020-04-26T13:13:51.909Z,XBTUSD,Sell,400,7671.5,MinusTick,9d5d1828-e944-7a52-8658-a88acd606e8d,5214000,0.05214,400
187,2020-04-26T13:13:51.909Z,XBTUSD,Sell,23,7672.0,ZeroMinusTick,155f9d2b-559e-a25e-add2-0c098c4f4eab,299782,0.00299782,23
188,2020-04-26T13:13:51.909Z,XBTUSD,Sell,110,7672.0,ZeroMinusTick,3b93dd17-5a28-1355-9060-41a21598a64c,1433740,0.0143374,110
189,2020-04-26T13:13:51.909Z,XBTUSD,Sell,1,7672.0,ZeroMinusTick,9c96d1cb-aec1-70b4-bd43-e974420e5a69,13034,0.00013034,1
190,2020-04-26T13:13:51.909Z,XBTUSD,Sell,1,7672.0,ZeroMinusTick,ee85a982-a02a-af26-c936-7c978520aef7,13034,0.00013034,1
191,2020-04-26T13:13:51.909Z,XBTUSD,Sell,208,7672.0,ZeroMinusTick,3130b850-4eb8-27d0-9cf9-877d5edbcae1,2711072,0.02711072,208
192,2020-04-26T13:13:51.909Z,XBTUSD,Sell,28,7672.0,ZeroMinusTick,ab864481-bd06-b586-0dee-2859e9f3655d,364952,0.00364952,28
193,2020-04-26T13:13:51.909Z,XBTUSD,Sell,21,7672.0,ZeroMinusTick,37cf9f40-abd4-853e-5970-019939acad74,273714,0.00273714,21
194,2020-04-26T13:13:51.909Z,XBTUSD,Sell,38,7672.0,ZeroMinusTick,a3f04e78-21cd-0e4d-6762-9bbe87220a89,495292,0.00495292,38
195,2020-04-26T13:13:51.909Z,XBTUSD,Sell,35,7672.0,ZeroMinusTick,c1d654d3-2916-c423-cc5d-9a62d61d5725,456190,0.0045619,35
196,2020-04-26T13:13:51.909Z,XBTUSD,Sell,30,7672.0,ZeroMinusTick,3beca13e-7f0b-a5a4-9292-017bc8bc4960,391020,0.0039102,30
197,2020-04-26T13:13:51.909Z,XBTUSD,Sell,25,7672.0,ZeroMinusTick,28ef4ba7-57be-a30b-df86-3ad4f7535ab2,325850,0.0032585,25
198,2020-04-26T13:13:51.909Z,XBTUSD,Sell,21,7672.0,ZeroMinusTick,3c36af59-0e6b-86c4-4557-8d2df740b16d,273714,0.00273714,21
199,2020-04-26T13:13:51.909Z,XBTUSD,Sell,33,7672.0,ZeroMinusTick,dd879019-7a07-e1d9-71d7-b4fb5d3bbbf7,430122,0.00430122,33
200,2020-04-26T13:13:51.909Z,XBTUSD,Sell,27,7672.0,ZeroMinusTick,5bfe2c52-b561-ecf5-6c4c-26cc96844fa6,351918,0.00351918,27
201,2020-04-26T13:13:51.909Z,XBTUSD,Sell,38,7672.0,ZeroMinusTick,7f49d8d2-dbe9-bc83-9f0a-0c3feb0b3ce6,495292,0.00495292,38
202,2020-04-26T13:13:51.909Z,XBTUSD,Sell,32,7672.0,ZeroMinusTick,305bf52a-b3da-829c-fb62-8d6981cc1ef3,417088,0.00417088,32
203,2020-04-26T13:13:51.909Z,XBTUSD,Sell,32,7672.0,ZeroMinusTick,19af51eb-8e99-6e8e-7700-dccf5dd99451,417088,0.00417088,32
204,2020-04-26T13:13:51.909Z,XBTUSD,Sell,31,7672.0,ZeroMinusTick,d1e13b51-75e2-00cb-9500-d270c32aa5d8,404054,0.00404054,31
205,2020-04-26T13:13:51.909Z,XBTUSD,Sell,23,7672.0,ZeroMinusTick,71738da3-8210-b1e4-55d4-dbb8189dd482,299782,0.00299782,23
206,2020-04-26T13:13:51.909Z,XBTUSD,Sell,38,7672.0,ZeroMinusTick,f1dd474f-687b-679e-753d-f7147554aae2,495292,0.00495292,38
207,2020-04-26T13:13:51.909Z,XBTUSD,Sell,39,7672.0,ZeroMinusTick,6d10febb-b410-f639-c374-f28f86d3f44a,508326,0.00508326,39
208,2020-04-26T13:13:51.909Z,XBTUSD,Sell,32,7672.0,ZeroMinusTick,20c40c4f-1b26-ac9d-4e80-2398d7764c6f,417088,0.00417088,32
209,2020-04-26T13:13:51.909Z,XBTUSD,Sell,29,7672.0,ZeroMinusTick,8a902bac-3b22-5224-23fc-c1665666a6c9,377986,0.00377986,29
210,2020-04-26T13:13:51.909Z,XBTUSD,Sell,38,7672.0,ZeroMinusTick,1495721e-981b-9302-7258-78cf34d7ab99,495292,0.00495292,38
211,2020-04-26T13:13:51.909Z,XBTUSD,Sell,52,7672.0,ZeroMinusTick,3335e6cd-43a3-49e7-8c65-166197307eb4,677768,0.00677768,52
212,2020-04-26T13:13:51.909Z,XBTUSD,Sell,500,7672.0,ZeroMinusTick,e1da52d0-d709-85a4-4e19-10c0143f5e23,6517000,0.06517,500
213,2020-04-26T13:13:51.909Z,XBTUSD,Sell,38,7672.0,ZeroMinusTick,f8813151-667b-e52a-9297-ba95846b7c21,495292,0.00495292,38
214,2020-04-26T13:13:51.909Z,XBTUSD,Sell,23,7672.0,ZeroMinusTick,c3320b84-b237-a0a5-9121-1c399c32ea89,299782,0.00299782,23
215,2020-04-26T13:13:51.909Z,XBTUSD,Sell,32,7672.0,ZeroMinusTick,a5fadc0a-6b73-1d5f-4798-0559e31fb488,417088,0.00417088,32
216,2020-04-26T13:13:51.909Z,XBTUSD,Sell,21,7672.0,ZeroMinusTick,7f7826de-c57c-9bc4-a8fc-e350c406034c,273714,0.00273714,21
217,2020-04-26T13:13:51.909Z,XBTUSD,Sell,22,7672.0,ZeroMinusTick,2b76a43b-a2be-1908-14ff-e6839b62e77d,286748,0.00286748,22
218,2020-04-26T13:13:51.909Z,XBTUSD,Sell,22,7672.0,ZeroMinusTick,07bf8381-55d7-2356-07bd-6a4d54371191,286748,0.00286748,22
219,2020-04-26T13:13:51.909Z,XBTUSD,Sell,23,7672.0,ZeroMinusTick,849060cc-4f45-cc03-616a-f6c159d70af0,299782,0.00299782,23
220,2020-04-26T13:13:51.909Z,XBTUSD,Sell,31,7672.0,ZeroMinusTick,c3e5c29a-843b-a625-5bf0-6328c80ed855,404054,0.00404054,31
221,2020-04-26T13:13:51.909Z,XBTUSD,Sell,37,7672.0,ZeroMinusTick,5fb1e21f-0d74-8f39-c702-a31d106853f8,482258,0.00482258,37
222,2020-04-26T13:13:51.909Z,XBTUSD,Sell,29,7672.0,ZeroMinusTick,f769dbe4-08b2-9c4d-9aef-1516052d650a,377986,0.00377986,29
223,2020-04-26T13:13:51.909Z,XBTUSD,Sell,35,7672.0,ZeroMinusTick,b6528f96-22b7-00ab-579d-ee777c271471,456190,0.0045619,35
224,2020-04-26T13:13:51.909Z,XBTUSD,Sell,22,7672.0,ZeroMinusTick,fc533841-874d-6765-413b-09ac9b5fe4d8,286748,0.00286748,22
225,2020-04-26T13:13:51.909Z,XBTUSD,Sell,38,7672.0,ZeroMinusTick,bdef59c4-f5dc-3207-684c-4582308d5c42,495292,0.00495292,38
226,2020-04-26T13:13:51.909Z,XBTUSD,Sell,34,7672.0,ZeroMinusTick,d9291273-85aa-cf5d-0eb3-d02a35f73bc4,443156,0.00443156,34
227,2020-04-26T13:13:51.909Z,XBTUSD,Sell,33,7672.0,ZeroMinusTick,3442d862-04fc-0d6a-6eeb-170797eb4214,430122,0.00430122,33
228,2020-04-26T13:13:51.909Z,XBTUSD,Sell,27,7672.0,ZeroMinusTick,e542e7f7-a892-9c1e-dfd6-d4d9f74738a9,351918,0.00351918,27
229,2020-04-26T13:13:51.909Z,XBTUSD,Sell,28,7672.0,ZeroMinusTick,8efa9ba8-1722-0e75-0136-da41ad2f72e4,364952,0.00364952,28
230,2020-04-26T13:13:51.909Z,XBTUSD,Sell,31,7672.0,ZeroMinusTick,182bfa02-cd25-2839-e6e9-16f341064334,404054,0.00404054,31
231,2020-04-26T13:13:51.909Z,XBTUSD,Sell,24,7672.0,ZeroMinusTick,7f071ad8-1623-42c3-effc-f9af526e46ab,312816,0.00312816,24
232,2020-04-26T13:13:51.909Z,XBTUSD,Sell,29,7672.0,ZeroMinusTick,e1c19db7-833b-65bf-30a0-00b8583ff7e3,377986,0.00377986,29
233,2020-04-26T13:13:51.909Z,XBTUSD,Sell,30,7672.0,ZeroMinusTick,88f1fcd4-8ace-6a3b-7689-9f769a71bb38,391020,0.0039102,30
234,2020-04-26T13:13:51.909Z,XBTUSD,Sell,33,7672.0,ZeroMinusTick,eab8a837-66cd-c0de-a946-257c3a83d438,430122,0.00430122,33
235,2020-04-26T13:13:51.909Z,XBTUSD,Sell,30,7672.0,ZeroMinusTick,8359482a-4cfd-06fd-5508-4f3f221e22f6,391020,0.0039102,30
236,2020-04-26T13:13:51.909Z,XBTUSD,Sell,28,7672.0,ZeroMinusTick,764defb1-85b0-0b98-d69c-e2f05bb77642,364952,0.00364952,28
237,2020-04-26T13:13:51.909Z,XBTUSD,Sell,30,7672.0,ZeroMinusTick,6a1c0368-55e7-bce0-5d90-c82799cace4f,391020,0.0039102,30
238,2020-04-26T13:13:51.909Z,XBTUSD,Sell,1950,7672.0,ZeroMinusTick,855277f5-3128-c005-fa0b-38e62a2536f0,25416300,0.254163,1950
239,2020-04-26T13:13:51.875Z,XBTUSD,Sell,10000,7672.0,ZeroMinusTick,68e56b51-5f48-5efe-b2d6-7b6280d7f023,130340000,1.3034,10000
240,2020-04-26T13:13:51.829Z,XBTUSD,Sell,600,7672.0,ZeroMinusTick,5508b90c-ff12-4f59-faab-9418571f1587,7820400,0.078204,600
241,2020-04-26T13:13:51.644Z,XBTUSD,Sell,3,7672.0,ZeroMinusTick,e1bc8cc5-0599-a5f8-7063-1c3b07ddbf8a,39102,0.00039102,3
242,2020-04-26T13:13:51.618Z,XBTUSD,Sell,1,7672.0,ZeroMinusTick,210c5246-04ed-e320-942c-c65459a7c337,13034,0.00013034,1
243,2020-04-26T13:13:51.419Z,XBTUSD,Sell,2446,7672.0,ZeroMinusTick,7913ca47-6c5b-696a-191f-90ddeca6161c,31881164,0.31881164,2446
244,2020-04-26T13:13:51.419Z,XBTUSD,Sell,26,7672.0,ZeroMinusTick,201e1a75-e046-9816-466e-670657adfe9c,338884,0.00338884,26
245,2020-04-26T13:13:51.419Z,XBTUSD,Sell,32,7672.0,ZeroMinusTick,47371b47-c6eb-36ab-0ee1-42c12169a6c4,417088,0.00417088,32
246,2020-04-26T13:13:51.419Z,XBTUSD,Sell,22,7672.0,ZeroMinusTick,9b554ccd-b45e-b508-c3e7-0cd6f2d8d58f,286748,0.00286748,22
247,2020-04-26T13:13:51.419Z,XBTUSD,Sell,40,7672.0,ZeroMinusTick,347aebf9-0e76-13eb-f0d9-c5a76cdb6824,521360,0.0052136,40
248,2020-04-26T13:13:51.419Z,XBTUSD,Sell,22,7672.0,ZeroMinusTick,01326095-7310-0dd1-aca3-986244324566,286748,0.00286748,22
249,2020-04-26T13:13:51.419Z,XBTUSD,Sell,30,7672.0,ZeroMinusTick,81dbff53-c8f9-4949-c9fa-534e6a9962f9,391020,0.0039102,30
250,2020-04-26T13:13:51.419Z,XBTUSD,Sell,25,7672.0,ZeroMinusTick,68e7d387-cfdc-efa5-3eda-a5cb056447b4,325850,0.0032585,25
251,2020-04-26T13:13:51.419Z,XBTUSD,Sell,23,7672.0,ZeroMinusTick,97cbfba9-c7f3-4e51-1ad0-e19814672672,299782,0.00299782,23
252,2020-04-26T13:13:51.246Z,XBTUSD,Sell,13,7672.0,ZeroMinusTick,923b2106-cb96-a983-ccb1-c6132a817bc6,169442,0.00169442,13
253,2020-04-26T13:13:51.246Z,XBTUSD,Sell,36,7672.0,ZeroMinusTick,0a9a12eb-810f-c4fc-9f48-fe70f22fc4c6,469224,0.00469224,36
254,2020-04-26T13:13:51.246Z,XBTUSD,Sell,36,7672.0,ZeroMinusTick,fd42f374-8a42-5f29-8699-f0a926b0c6ca,469224,0.00469224,36
255,2020-04-26T13:13:51.246Z,XBTUSD,Sell,31,7672.0,ZeroMinusTick,d17cd51d-ec4f-a391-08a4-af7c7388eee5,404054,0.00404054,31
256,2020-04-26T13:13:51.246Z,XBTUSD,Sell,384,7672.0,ZeroMinusTick,64dbc79c-e828-3353-c274-5b28dc9342ec,5005056,0.05005056,384
257,2020-04-26T13:13:51.239Z,XBTUSD,Sell,7616,7672.0,ZeroMinusTick,594899da-4b0a-1b3d-4fcd-63bb83c513ae,99266944,0.99266944,7616
258,2020-04-26T13:13:51.239Z,XBTUSD,Sell,20,7672.0,ZeroMinusTick,c391030f-bc0f-4a5b-c97a-d2192259a1ea,260680,0.0026068,20
259,2020-04-26T13:13:51.239Z,XBTUSD,Sell,830,7672.0,ZeroMinusTick,779084dc-43b8-8a26-9d0e-ffeaacb154e8,10818220,0.1081822,830
260,2020-04-26T13:13:51.239Z,XBTUSD,Sell,25,7672.0,ZeroMinusTick,e1536228-26f1-bb1f-e9d6-7b4a0b2159ce,325850,0.0032585,25
261,2020-04-26T13:13:51.239Z,XBTUSD,Sell,30,7672.0,ZeroMinusTick,6da4563b-6031-8f3b-29db-20ff5fc0b8c5,391020,0.0039102,30
262,2020-04-26T13:13:51.239Z,XBTUSD,Sell,120,7672.0,ZeroMinusTick,3cd4a0db-dddc-5159-5aad-1daec90447ec,1564080,0.0156408,120
263,2020-04-26T13:13:51.239Z,XBTUSD,Sell,100,7672.0,MinusTick,de8c6d51-00fc-f3e2-b0e6-99f3367cc679,1303400,0.013034,100
264,2020-04-26T13:13:51.239Z,XBTUSD,Sell,1038,7672.5,ZeroMinusTick,62ced137-7b70-30e3-1f01-2c4e95f23450,13529292,0.13529292,1038
265,2020-04-26T13:13:51.239Z,XBTUSD,Sell,30,7672.5,ZeroMinusTick,702dfd54-d2fd-56a5-1aca-3760d689d3c3,391020,0.0039102,30
266,2020-04-26T13:13:51.239Z,XBTUSD,Sell,28,7672.5,ZeroMinusTick,5d4fb0c0-074d-4f57-fc11-19ace89b81d7,364952,0.00364952,28
267,2020-04-26T13:13:51.239Z,XBTUSD,Sell,24,7672.5,ZeroMinusTick,ec1a2847-74ff-580f-a493-3cf36941438c,312816,0.00312816,24
268,2020-04-26T13:13:51.239Z,XBTUSD,Sell,32,7672.5,ZeroMinusTick,4819976c-edd8-9ad8-019f-6bb4e43112aa,417088,0.00417088,32
269,2020-04-26T13:13:51.239Z,XBTUSD,Sell,32,7672.5,ZeroMinusTick,4e335c0e-7c85-f3f8-d7ac-c4d3d9f1d2a7,417088,0.00417088,32
270,2020-04-26T13:13:51.239Z,XBTUSD,Sell,31,7672.5,ZeroMinusTick,2cbf753a-44f5-9c53-c171-f62bad951097,404054,0.00404054,31
271,2020-04-26T13:13:51.239Z,XBTUSD,Sell,24,7672.5,ZeroMinusTick,f7db2354-5e7b-a086-ca7d-166702adf7f3,312816,0.00312816,24
272,2020-04-26T13:13:51.239Z,XBTUSD,Sell,20,7672.5,ZeroMinusTick,4efe309e-4b04-7110-491f-95a7febd6395,260680,0.0026068,20
273,2020-04-26T13:13:50.865Z,XBTUSD,Sell,12,7672.5,ZeroMinusTick,eaff1f78-7532-e116-da08-0c36fc6dd4f7,156408,0.00156408,12
274,2020-04-26T13:13:50.865Z,XBTUSD,Sell,31,7672.5,ZeroMinusTick,fa477b34-2ff4-c10b-743c-c47f51df05ae,404054,0.00404054,31
275,2020-04-26T13:13:50.865Z,XBTUSD,Sell,39,7672.5,ZeroMinusTick,20aa7cac-e01f-69b1-ba64-5d35e15e3997,508326,0.00508326,39
276,2020-04-26T13:13:50.865Z,XBTUSD,Sell,36,7672.5,ZeroMinusTick,089bf518-15b2-a342-248f-ef1229c49e59,469224,0.00469224,36
277,2020-04-26T13:13:50.865Z,XBTUSD,Sell,29,7672.5,ZeroMinusTick,7430595f-c20e-2d84-efb5-3ebcbd38fd5f,377986,0.00377986,29
278,2020-04-26T13:13:50.865Z,XBTUSD,Sell,6,7672.5,ZeroMinusTick,d0f102f7-987e-10ef-ea61-e698e5b7319d,78204,0.00078204,6
279,2020-04-26T13:13:50.719Z,XBTUSD,Sell,34,7672.5,ZeroMinusTick,14898caa-ff55-3ae4-56bf-fe9b7e66ec5b,443156,0.00443156,34
280,2020-04-26T13:13:50.719Z,XBTUSD,Sell,22,7672.5,ZeroMinusTick,6d56c001-b1ea-ddc3-0cd5-a1a6351c8556,286748,0.00286748,22
281,2020-04-26T13:13:50.719Z,XBTUSD,Sell,22,7672.5,ZeroMinusTick,9dab786b-2dc2-2bc0-322b-423ef5607915,286748,0.00286748,22
282,2020-04-26T13:13:50.719Z,XBTUSD,Sell,22,7672.5,ZeroMinusTick,ad6af61a-58b7-c686-cc78-6bb61bbae94d,286748,0.00286748,22
283,2020-04-26T13:13:50.719Z,XBTUSD,Sell,26,7672.5,ZeroMinusTick,62bec955-6550-de57-daf1-721a3446532a,338884,0.00338884,26
284,2020-04-26T13:13:50.719Z,XBTUSD,Sell,24,7672.5,ZeroMinusTick,99d14acb-fe81-2d52-f14c-227704154d2b,312816,0.00312816,24
285,2020-04-26T13:13:50.719Z,XBTUSD,Sell,34,7672.5,ZeroMinusTick,33f6550b-c51d-8094-2f6f-e4eedda0488f,443156,0.00443156,34
286,2020-04-26T13:13:50.719Z,XBTUSD,Sell,3506,7672.5,ZeroMinusTick,f30d15f4-1101-070a-25ff-8f96dad94f36,45697204,0.45697204,3506
287,2020-04-26T13:13:50.719Z,XBTUSD,Sell,40,7672.5,ZeroMinusTick,4478e815-2056-15c9-08cb-f85527ba2634,521360,0.0052136,40
288,2020-04-26T13:13:50.719Z,XBTUSD,Sell,35,7672.5,ZeroMinusTick,944c4067-8c8b-679a-c8f8-7d7ed3945e88,456190,0.0045619,35
289,2020-04-26T13:13:50.719Z,XBTUSD,Sell,34,7672.5,ZeroMinusTick,9bbb4cd1-a126-a5e4-d74b-bd0dcc878073,443156,0.00443156,34
290,2020-04-26T13:13:50.719Z,XBTUSD,Sell,32,7672.5,ZeroMinusTick,04efd821-51d0-ddda-f580-bc27c7839287,417088,0.00417088,32
291,2020-04-26T13:13:50.719Z,XBTUSD,Sell,33,7672.5,ZeroMinusTick,73680f6d-cc52-6d55-70c4-3a97bd19fad6,430122,0.00430122,33
292,2020-04-26T13:13:50.719Z,XBTUSD,Sell,40,7672.5,ZeroMinusTick,eb210dd3-98dc-2c70-d088-1a3996ddf14a,521360,0.0052136,40
293,2020-04-26T13:13:50.719Z,XBTUSD,Sell,36,7672.5,ZeroMinusTick,2cf689e2-e6fc-ca62-7c2f-a4a43604fefe,469224,0.00469224,36
294,2020-04-26T13:13:50.719Z,XBTUSD,Sell,27,7672.5,ZeroMinusTick,16451ba3-639d-df24-e953-79eb0a1a6db9,351918,0.00351918,27
295,2020-04-26T13:13:50.719Z,XBTUSD,Sell,32,7672.5,ZeroMinusTick,5bb983bd-6d13-9482-f912-9b3926093c1a,417088,0.00417088,32
296,2020-04-26T13:13:50.719Z,XBTUSD,Sell,27,7672.5,ZeroMinusTick,8c33983b-59a6-f225-f85f-e0d130fb472a,351918,0.00351918,27
297,2020-04-26T13:13:50.719Z,XBTUSD,Sell,22,7672.5,ZeroMinusTick,9aab63a7-21d0-315f-713f-85f97af23f5d,286748,0.00286748,22
298,2020-04-26T13:13:50.719Z,XBTUSD,Sell,26,7672.5,ZeroMinusTick,550bd2ef-32ff-387e-bc6e-40ccd748730d,338884,0.00338884,26
299,2020-04-26T13:13:50.719Z,XBTUSD,Sell,36,7672.5,ZeroMinusTick,5c42a7d5-260a-e8ab-1aa2-ad7ae9c6ee01,469224,0.00469224,36
300,2020-04-26T13:13:50.719Z,XBTUSD,Sell,34,7672.5,ZeroMinusTick,3e03f99e-983d-e5ae-64d0-9ae52a88d22e,443156,0.00443156,34
301,2020-04-26T13:13:50.719Z,XBTUSD,Sell,32,7672.5,ZeroMinusTick,cdfab03e-3183-630d-32aa-f850a8ff45bd,417088,0.00417088,32
302,2020-04-26T13:13:50.719Z,XBTUSD,Sell,22,7672.5,ZeroMinusTick,dfbe2de2-3ad0-1864-8c22-6e0df14c959a,286748,0.00286748,22
303,2020-04-26T13:13:50.719Z,XBTUSD,Sell,23,7672.5,ZeroMinusTick,5ff03856-ce45-d94d-6566-a42ebcb02e8d,299782,0.00299782,23
304,2020-04-26T13:13:50.719Z,XBTUSD,Sell,38,7672.5,ZeroMinusTick,19a3dc70-d312-2f87-bcc0-f121eba71bc8,495292,0.00495292,38
305,2020-04-26T13:13:50.719Z,XBTUSD,Sell,25,7672.5,ZeroMinusTick,0bfe05a4-a5a1-c537-56e7-530c45fb81dd,325850,0.0032585,25
306,2020-04-26T13:13:50.719Z,XBTUSD,Sell,37,7672.5,ZeroMinusTick,d2014dd7-7f2c-9bb3-30a2-065438dbc73b,482258,0.00482258,37
307,2020-04-26T13:13:50.719Z,XBTUSD,Sell,39,7672.5,ZeroMinusTick,ea53135e-2774-c0c5-3c0d-d150a7aa4625,508326,0.00508326,39
308,2020-04-26T13:13:50.719Z,XBTUSD,Sell,25,7672.5,ZeroMinusTick,2e5b0d81-481d-b83f-8bef-44eb7ae5d5e2,325850,0.0032585,25
309,2020-04-26T13:13:50.719Z,XBTUSD,Sell,1000,7672.5,ZeroMinusTick,69623d50-65a9-1b9e-97a8-5636b6277602,13034000,0.13034,1000
310,2020-04-26T13:13:50.719Z,XBTUSD,Sell,35,7672.5,ZeroMinusTick,2302d8ee-a86a-e9cb-1645-4c392bb833b3,456190,0.0045619,35
311,2020-04-26T13:13:50.719Z,XBTUSD,Sell,32,7672.5,ZeroMinusTick,281bfb48-b082-1667-75fe-31d174a63f97,417088,0.00417088,32
312,2020-04-26T13:13:50.719Z,XBTUSD,Sell,32,7672.5,ZeroMinusTick,6e71f359-6bca-50e8-97a2-8d7bc850e17f,417088,0.00417088,32
313,2020-04-26T13:13:50.719Z,XBTUSD,Sell,33,7672.5,ZeroMinusTick,0a49cf11-3fb6-b941-bf41-ed0ebef74894,430122,0.00430122,33
314,2020-04-26T13:13:50.719Z,XBTUSD,Sell,31,7672.5,ZeroMinusTick,707a49ff-7600-5ec8-818a-8f9e708eaee9,404054,0.00404054,31
315,2020-04-26T13:13:50.719Z,XBTUSD,Sell,25,7672.5,ZeroMinusTick,8599a6dd-2a92-bf78-4a53-5f73456b1406,325850,0.0032585,25
316,2020-04-26T13:13:50.719Z,XBTUSD,Sell,30,7672.5,ZeroMinusTick,7465ad2e-d587-42cb-6dcc-66985ed57e54,391020,0.0039102,30
317,2020-04-26T13:13:50.719Z,XBTUSD,Sell,38,7672.5,ZeroMinusTick,77ce4631-ff18-27e3-65c2-ca366d64fd98,495292,0.00495292,38
318,2020-04-26T13:13:50.719Z,XBTUSD,Sell,25,7672.5,ZeroMinusTick,b05001d9-777b-52fb-5935-0bafb9234889,325850,0.0032585,25
319,2020-04-26T13:13:50.719Z,XBTUSD,Sell,27,7672.5,ZeroMinusTick,a87e0d13-52a7-1881-69d8-977dc484c1bb,351918,0.00351918,27
320,2020-04-26T13:13:50.719Z,XBTUSD,Sell,29,7672.5,ZeroMinusTick,e35ad134-6eae-8657-56af-c163c87e88ab,377986,0.00377986,29
321,2020-04-26T13:13:50.719Z,XBTUSD,Sell,38,7672.5,ZeroMinusTick,34a677f2-2e69-9ae3-06a0-f082c3c2d434,495292,0.00495292,38
322,2020-04-26T13:13:50.719Z,XBTUSD,Sell,40,7672.5,ZeroMinusTick,e6445626-ea76-a32f-0c38-7b4f69ec52e4,521360,0.0052136,40
323,2020-04-26T13:13:50.719Z,XBTUSD,Sell,37,7672.5,ZeroMinusTick,dfb52ff1-b90a-c56a-c421-da223228a527,482258,0.00482258,37
324,2020-04-26T13:13:50.719Z,XBTUSD,Sell,36,7672.5,ZeroMinusTick,c6216b60-86c8-6110-2657-2d7ef3d6b219,469224,0.00469224,36
325,2020-04-26T13:13:50.719Z,XBTUSD,Sell,25,7672.5,ZeroMinusTick,84d349f0-d532-0607-a85a-02c97652c895,325850,0.0032585,25
326,2020-04-26T13:13:50.719Z,XBTUSD,Sell,31,7672.5,ZeroMinusTick,74f74f3a-f817-7b82-7791-57d5c50549ba,404054,0.00404054,31
327,2020-04-26T13:13:50.719Z,XBTUSD,Sell,21,7672.5,ZeroMinusTick,d215d7b6-924d-0062-9e2f-2499ae2a0c47,273714,0.00273714,21
328,2020-04-26T13:13:50.719Z,XBTUSD,Sell,39,7672.5,ZeroMinusTick,364327e0-9cd8-ba6a-356b-bce40e3a50cd,508326,0.00508326,39
329,2020-04-26T13:13:50.719Z,XBTUSD,Sell,100,7672.5,ZeroMinusTick,6afe4bec-1a91-c31c-00ba-4601da47f0f5,1303400,0.013034,100
330,2020-04-26T13:13:50.719Z,XBTUSD,Sell,200,7672.5,ZeroMinusTick,a504adb7-c8c7-bf20-c61f-f445bf488d03,2606800,0.026068,200
331,2020-04-26T13:13:50.719Z,XBTUSD,Sell,30,7672.5,ZeroMinusTick,836b6be4-fda0-1210-979a-3c3867c5add9,391020,0.0039102,30
332,2020-04-26T13:13:50.719Z,XBTUSD,Sell,60,7672.5,ZeroMinusTick,4970d6b9-fe22-40a5-3782-1430ccc46c55,782040,0.0078204,60
333,2020-04-26T13:13:50.719Z,XBTUSD,Sell,50,7672.5,ZeroMinusTick,6107f3c5-ee17-0520-6790-b761c2501f16,651700,0.006517,50
334,2020-04-26T13:13:50.719Z,XBTUSD,Sell,26,7672.5,ZeroMinusTick,97f545eb-8920-9b6f-44e4-4a7b2ff64f70,338884,0.00338884,26
335,2020-04-26T13:13:50.719Z,XBTUSD,Sell,31,7672.5,ZeroMinusTick,643ec553-c919-8889-f315-091805554639,404054,0.00404054,31
336,2020-04-26T13:13:50.719Z,XBTUSD,Sell,400,7672.5,MinusTick,e0883b3f-b435-419d-d825-543340f229a6,5213600,0.052136,400
337,2020-04-26T13:13:50.719Z,XBTUSD,Sell,800,7673.0,ZeroMinusTick,9fbb76eb-3942-e827-587b-fb62b0ad76df,10426400,0.104264,800
338,2020-04-26T13:13:50.719Z,XBTUSD,Sell,8114,7673.0,ZeroMinusTick,af49116f-3108-754f-8d09-a4a5508c165d,105749762,1.05749762,8114
339,2020-04-26T13:13:50.707Z,XBTUSD,Sell,1228,7673.0,ZeroMinusTick,d5630d9b-b19e-5bed-bb18-c9e106085531,16004524,0.16004524,1228
340,2020-04-26T13:13:50.333Z,XBTUSD,Sell,5000,7673.0,ZeroMinusTick,b69bfba1-9b74-40b2-34fd-9f774678c4e4,65165000,0.65165,5000
341,2020-04-26T13:13:49.784Z,XBTUSD,Sell,2000,7673.0,ZeroMinusTick,0d592308-e381-7d87-65c1-dce63c31a9bc,26066000,0.26066,2000
342,2020-04-26T13:13:49.688Z,XBTUSD,Sell,12376,7673.0,ZeroMinusTick,0b4ed4df-1c74-dd35-2f06-e8e594e88aea,161296408,1.61296408,12376
343,2020-04-26T13:13:49.688Z,XBTUSD,Sell,35,7673.0,ZeroMinusTick,ec54613e-752d-fe31-e349-5e846c35c146,456155,0.00456155,35
344,2020-04-26T13:13:49.688Z,XBTUSD,Sell,36,7673.0,ZeroMinusTick,d7b7818e-0647-271d-5e08-6235e264a415,469188,0.00469188,36
345,2020-04-26T13:13:49.688Z,XBTUSD,Sell,34,7673.0,ZeroMinusTick,7bd59eaf-c983-9f31-725f-482dd223862e,443122,0.00443122,34
346,2020-04-26T13:13:49.688Z,XBTUSD,Sell,31,7673.0,ZeroMinusTick,a3a5141f-8b72-0c79-eefa-7477d59ddc82,404023,0.00404023,31
347,2020-04-26T13:13:49.688Z,XBTUSD,Sell,39,7673.0,ZeroMinusTick,0b93fb02-0f0e-86e9-13a7-a429cc6bffd7,508287,0.00508287,39
348,2020-04-26T13:13:49.688Z,XBTUSD,Sell,24,7673.0,ZeroMinusTick,cc15e91d-f7bc-03c7-2c9d-1a61a659ede3,312792,0.00312792,24
349,2020-04-26T13:13:49.688Z,XBTUSD,Sell,23,7673.0,ZeroMinusTick,603f902d-6524-2b40-f80e-579b7f87e1ca,299759,0.00299759,23
350,2020-04-26T13:13:49.688Z,XBTUSD,Sell,28,7673.0,ZeroMinusTick,40bd6766-8db7-7322-0a1e-ef0a8a5176ff,364924,0.00364924,28
351,2020-04-26T13:13:49.688Z,XBTUSD,Sell,22,7673.0,ZeroMinusTick,f06e38dc-2f61-a01b-2857-dad03147ff58,286726,0.00286726,22
352,2020-04-26T13:13:49.688Z,XBTUSD,Sell,25,7673.0,ZeroMinusTick,23db0da6-fe47-728a-902f-6d46c650ce80,325825,0.00325825,25
353,2020-04-26T13:13:49.688Z,XBTUSD,Sell,29,7673.0,ZeroMinusTick,b1f5edc4-df55-8a8f-2b13-b0ee06d72837,377957,0.00377957,29
354,2020-04-26T13:13:49.688Z,XBTUSD,Sell,23,7673.0,ZeroMinusTick,0948be9f-87ff-f18a-f8d7-f5e6ae93ddd8,299759,0.00299759,23
355,2020-04-26T13:13:49.688Z,XBTUSD,Sell,23,7673.0,ZeroMinusTick,55515960-6dbf-c7b7-66b6-f88673186343,299759,0.00299759,23
356,2020-04-26T13:13:49.688Z,XBTUSD,Sell,800,7673.0,ZeroMinusTick,daa4d9ab-d436-92f3-8747-d2673f53883e,10426400,0.104264,800
357,2020-04-26T13:13:49.688Z,XBTUSD,Sell,52,7673.0,ZeroMinusTick,712fa42b-f9fc-dba8-d730-718aab5299b7,677716,0.00677716,52
358,2020-04-26T13:13:49.688Z,XBTUSD,Sell,1000,7673.0,ZeroMinusTick,50043f79-7f52-d241-df82-876358f680e7,13033000,0.13033,1000
359,2020-04-26T13:13:49.688Z,XBTUSD,Sell,74,7673.0,ZeroMinusTick,68855cca-0040-0023-a424-27cdd45cbd28,964442,0.00964442,74
360,2020-04-26T13:13:49.688Z,XBTUSD,Sell,31,7673.0,ZeroMinusTick,860900ca-66e0-b337-7d06-5efab272f9af,404023,0.00404023,31
361,2020-04-26T13:13:49.688Z,XBTUSD,Sell,37,7673.0,ZeroMinusTick,2b958e0d-4789-aa81-2879-5fd634f21ba6,482221,0.00482221,37
362,2020-04-26T13:13:49.688Z,XBTUSD,Sell,24,7673.0,ZeroMinusTick,24718502-7234-2b3d-b3ae-0f485798a820,312792,0.00312792,24
363,2020-04-26T13:13:49.688Z,XBTUSD,Sell,36,7673.0,ZeroMinusTick,9638fa7c-bdcc-9e5e-9ab8-4ef55b045db2,469188,0.00469188,36
364,2020-04-26T13:13:49.688Z,XBTUSD,Sell,198,7673.0,ZeroMinusTick,5f73cfef-124d-d9e0-5021-47d02b5ef5db,2580534,0.02580534,198
365,2020-04-26T13:13:49.559Z,XBTUSD,Sell,802,7673.0,ZeroMinusTick,1ec71bee-7e72-be65-1072-3f2172243c4c,10452466,0.10452466,802
366,2020-04-26T13:13:49.559Z,XBTUSD,Sell,32,7673.0,ZeroMinusTick,02bfceb2-d05d-6ebe-7665-fb5fa4125ff9,417056,0.00417056,32
367,2020-04-26T13:13:49.559Z,XBTUSD,Sell,23,7673.0,ZeroMinusTick,e4fcfc48-939d-f5db-65b5-a830d778fcf0,299759,0.00299759,23
368,2020-04-26T13:13:49.559Z,XBTUSD,Sell,26,7673.0,ZeroMinusTick,00ebaeac-8db0-c0b7-9bfa-28bfede20f4f,338858,0.00338858,26
369,2020-04-26T13:13:49.559Z,XBTUSD,Sell,34,7673.0,ZeroMinusTick,7e852510-913d-fcb2-fa07-773209ebc607,443122,0.00443122,34
370,2020-04-26T13:13:49.559Z,XBTUSD,Sell,31,7673.0,ZeroMinusTick,135b97c6-32df-b9bc-a384-e7e73d423478,404023,0.00404023,31
371,2020-04-26T13:13:49.559Z,XBTUSD,Sell,30,7673.0,ZeroMinusTick,a238d979-df40-0e34-3e4f-7a7e31c9679d,390990,0.0039099,30
372,2020-04-26T13:13:49.559Z,XBTUSD,Sell,28,7673.0,ZeroMinusTick,3eafca3c-8cc0-b4d8-e1a3-1e4432f18c4a,364924,0.00364924,28
373,2020-04-26T13:13:49.559Z,XBTUSD,Sell,33,7673.0,ZeroMinusTick,5e30147b-bedd-8d29-a84c-43a06721eb82,430089,0.00430089,33
374,2020-04-26T13:13:49.559Z,XBTUSD,Sell,22,7673.0,ZeroMinusTick,da72dc8a-5ba2-e933-fbbd-e6a8072d9ec3,286726,0.00286726,22
375,2020-04-26T13:13:49.559Z,XBTUSD,Sell,40,7673.0,ZeroMinusTick,0ea8890d-0075-7f0c-28be-ba97a27c56e2,521320,0.0052132,40
376,2020-04-26T13:13:49.559Z,XBTUSD,Sell,27,7673.0,ZeroMinusTick,3d839931-56dd-cbb1-ebd2-3d383a6850c5,351891,0.00351891,27
377,2020-04-26T13:13:49.559Z,XBTUSD,Sell,25,7673.0,ZeroMinusTick,527ea8ad-89f3-c0fb-81b3-b5a333a14083,325825,0.00325825,25
378,2020-04-26T13:13:49.559Z,XBTUSD,Sell,32,7673.0,ZeroMinusTick,ac6a1229-b782-f246-7c00-6d50a732ba74,417056,0.00417056,32
379,2020-04-26T13:13:49.559Z,XBTUSD,Sell,23,7673.0,ZeroMinusTick,baab65bf-6888-a2d8-aa3f-69669786458b,299759,0.00299759,23
380,2020-04-26T13:13:49.559Z,XBTUSD,Sell,33,7673.0,ZeroMinusTick,42352e40-8db3-404a-b0b8-7498500876f1,430089,0.00430089,33
381,2020-04-26T13:13:49.559Z,XBTUSD,Sell,30,7673.0,ZeroMinusTick,22807a9b-3167-ff77-81c8-4bffa70a7329,390990,0.0039099,30
382,2020-04-26T13:13:49.559Z,XBTUSD,Sell,28,7673.0,ZeroMinusTick,107f670f-7a17-5854-06d5-c820523c9c21,364924,0.00364924,28
383,2020-04-26T13:13:49.559Z,XBTUSD,Sell,22,7673.0,ZeroMinusTick,93f0626d-be7f-0353-7321-eff90609da21,286726,0.00286726,22
384,2020-04-26T13:13:49.559Z,XBTUSD,Sell,23,7673.0,ZeroMinusTick,5f0edc85-e0a0-fb22-f289-76d4cf732198,299759,0.00299759,23
385,2020-04-26T13:13:49.559Z,XBTUSD,Sell,22,7673.0,ZeroMinusTick,2509b452-fa3d-c592-a3bc-7431f5955fdb,286726,0.00286726,22
386,2020-04-26T13:13:49.559Z,XBTUSD,Sell,28,7673.0,ZeroMinusTick,14616920-19df-4c98-79a8-744916f97db6,364924,0.00364924,28
387,2020-04-26T13:13:49.559Z,XBTUSD,Sell,27,7673.0,ZeroMinusTick,fee13fd3-3c39-2a26-d288-64be583d8b6c,351891,0.00351891,27
388,2020-04-26T13:13:49.559Z,XBTUSD,Sell,40,7673.0,ZeroMinusTick,92974af3-538c-56df-91b5-8383da89b71e,521320,0.0052132,40
389,2020-04-26T13:13:49.559Z,XBTUSD,Sell,21,7673.0,ZeroMinusTick,be32a89a-ab11-3369-6055-292ddaf229d1,273693,0.00273693,21
390,2020-04-26T13:13:49.559Z,XBTUSD,Sell,21,7673.0,ZeroMinusTick,33890939-25d3-f37e-3e3f-d7e15ef1cbd8,273693,0.00273693,21
391,2020-04-26T13:13:49.559Z,XBTUSD,Sell,35,7673.0,ZeroMinusTick,d9ca6a35-efea-71f8-66fc-7a9466042f12,456155,0.00456155,35
392,2020-04-26T13:13:49.559Z,XBTUSD,Sell,31,7673.0,ZeroMinusTick,f2c865ec-761b-81ec-1110-4216dbb27cc6,404023,0.00404023,31
393,2020-04-26T13:13:49.559Z,XBTUSD,Sell,30,7673.0,ZeroMinusTick,c7a9c763-1ca8-3d12-615f-4e037c824845,390990,0.0039099,30
394,2020-04-26T13:13:49.559Z,XBTUSD,Sell,27,7673.0,ZeroMinusTick,0746a4e7-1ff4-1d93-ebd6-90297cae0d5f,351891,0.00351891,27
395,2020-04-26T13:13:49.559Z,XBTUSD,Sell,33,7673.0,ZeroMinusTick,776e7081-e41d-2c41-97cd-10c46591538f,430089,0.00430089,33
396,2020-04-26T13:13:49.559Z,XBTUSD,Sell,27,7673.0,ZeroMinusTick,b748e882-28e9-3b69-78e0-0ba38935df4a,351891,0.00351891,27
397,2020-04-26T13:13:49.559Z,XBTUSD,Sell,33,7673.0,ZeroMinusTick,8ff839e4-eaf3-3f12-6479-956c3e8a6863,430089,0.00430089,33
398,2020-04-26T13:13:49.559Z,XBTUSD,Sell,49,7673.0,ZeroMinusTick,4ab9e44e-743f-aee1-24bf-de9cada45cb6,638617,0.00638617,49
399,2020-04-26T13:13:49.525Z,XBTUSD,Sell,51,7673.0,ZeroMinusTick,ee9cffa1-7b4e-f229-8a53-a4afaeeced61,664683,0.00664683,51
400,2020-04-26T13:13:49.525Z,XBTUSD,Sell,40,7673.0,ZeroMinusTick,c3e1508f-71e8-71d0-51c7-305f27af4580,521320,0.0052132,40
401,2020-04-26T13:13:49.525Z,XBTUSD,Sell,40,7673.0,ZeroMinusTick,0c4a8fd2-2082-e60e-567e-1df39d224c0f,521320,0.0052132,40
402,2020-04-26T13:13:49.525Z,XBTUSD,Sell,5445,7673.0,ZeroMinusTick,be160613-4127-b35d-8f10-262978517175,70964685,0.70964685,5445
403,2020-04-26T13:13:49.525Z,XBTUSD,Sell,637,7673.0,ZeroMinusTick,9d837442-7212-ca06-c613-578ef1568355,8302021,0.08302021,637
404,2020-04-26T13:13:49.525Z,XBTUSD,Sell,24,7673.0,ZeroMinusTick,fa957a5c-e870-8b17-b1e1-2e0c520c26ec,312792,0.00312792,24
405,2020-04-26T13:13:49.525Z,XBTUSD,Sell,246,7673.0,ZeroMinusTick,0a9bc039-164c-cb29-75f5-d77475c7c2f3,3206118,0.03206118,246
406,2020-04-26T13:13:49.525Z,XBTUSD,Sell,400,7673.0,ZeroMinusTick,c33306b9-4abe-6c65-57c1-abc1736959d8,5213200,0.052132,400
407,2020-04-26T13:13:49.525Z,XBTUSD,Sell,100,7673.0,ZeroMinusTick,0173765a-2865-ead7-16ac-0162a8e6353c,1303300,0.013033,100
408,2020-04-26T13:13:49.525Z,XBTUSD,Sell,60,7673.0,ZeroMinusTick,be735051-fd25-1edd-da2c-2cbf8faac7a5,781980,0.0078198,60
409,2020-04-26T13:13:49.525Z,XBTUSD,Sell,167,7673.0,ZeroMinusTick,99232c42-a0ff-2463-c6ab-180f1518c5e8,2176511,0.02176511,167
410,2020-04-26T13:13:49.525Z,XBTUSD,Sell,391,7673.0,ZeroMinusTick,ab003a06-ca03-4f60-4f6b-eaf3ba234de1,5095903,0.05095903,391
411,2020-04-26T13:13:49.525Z,XBTUSD,Sell,218,7673.0,ZeroMinusTick,dc9d1bdd-ef8f-be1b-0b80-a8bdf82c8e59,2841194,0.02841194,218
412,2020-04-26T13:13:49.525Z,XBTUSD,Sell,337,7673.0,ZeroMinusTick,447fc9a1-4585-dc80-84a6-7ff5da45c769,4392121,0.04392121,337
413,2020-04-26T13:13:49.525Z,XBTUSD,Sell,1059,7673.0,ZeroMinusTick,6f833898-fe89-c071-79b7-9efdb691f825,13801947,0.13801947,1059
414,2020-04-26T13:13:49.525Z,XBTUSD,Sell,59,7673.0,ZeroMinusTick,a383109c-d7c2-f43d-57d1-1d01b36ad8e7,768947,0.00768947,59
415,2020-04-26T13:13:49.525Z,XBTUSD,Sell,71,7673.0,ZeroMinusTick,3852e850-ea2b-c9cd-b5cb-14a59f324969,925343,0.00925343,71
416,2020-04-26T13:13:49.525Z,XBTUSD,Sell,22,7673.0,ZeroMinusTick,40a226d7-614a-4409-e0f0-42866d9a4c36,286726,0.00286726,22
417,2020-04-26T13:13:49.525Z,XBTUSD,Sell,25,7673.0,ZeroMinusTick,f898a7e1-0cb8-19e3-c3f5-8bb47c511ebd,325825,0.00325825,25
418,2020-04-26T13:13:49.525Z,XBTUSD,Sell,24,7673.0,ZeroMinusTick,27b74046-2c1e-ce07-0ea8-1f3ba9601eb4,312792,0.00312792,24
419,2020-04-26T13:13:49.525Z,XBTUSD,Sell,24,7673.0,ZeroMinusTick,597859ae-a00c-18f7-0ed3-313bd7cb7c62,312792,0.00312792,24
420,2020-04-26T13:13:49.525Z,XBTUSD,Sell,20,7673.0,MinusTick,546c596b-5a13-a067-e1c5-2ebda06152b2,260660,0.0026066,20
421,2020-04-26T13:13:49.525Z,XBTUSD,Sell,150,7673.5,ZeroMinusTick,dfd5cc30-6502-ad43-4e98-7c2d08ed098e,1954800,0.019548,150
422,2020-04-26T13:13:49.525Z,XBTUSD,Sell,11,7673.5,ZeroMinusTick,0c862bb1-693b-92f9-a16b-d2e0a1b8eae2,143352,0.00143352,11
423,2020-04-26T13:13:49.525Z,XBTUSD,Sell,1000,7673.5,ZeroMinusTick,0b9de776-4c17-cc20-e23a-bf760639d736,13032000,0.13032,1000
424,2020-04-26T13:13:49.525Z,XBTUSD,Sell,36,7673.5,ZeroMinusTick,e5df767e-5bcd-9279-ee4b-3844c7068cbf,469152,0.00469152,36
425,2020-04-26T13:13:49.525Z,XBTUSD,Sell,40,7673.5,ZeroMinusTick,328ac612-fa17-fe18-1500-c52a26cbe668,521280,0.0052128,40
426,2020-04-26T13:13:49.525Z,XBTUSD,Sell,32,7673.5,ZeroMinusTick,b2313c37-c439-a7c9-e6b2-a7c4bddb3f0a,417024,0.00417024,32
427,2020-04-26T13:13:49.525Z,XBTUSD,Sell,28,7673.5,ZeroMinusTick,b82b5b84-4a39-94a9-222f-5d185c16cead,364896,0.00364896,28
428,2020-04-26T13:13:49.525Z,XBTUSD,Sell,21,7673.5,ZeroMinusTick,7c6f8153-ccc7-da56-5e56-856e40e88b55,273672,0.00273672,21
429,2020-04-26T13:13:49.525Z,XBTUSD,Sell,27,7673.5,ZeroMinusTick,20ad01e9-29db-1022-5ce2-007cf12037ef,351864,0.00351864,27
430,2020-04-26T13:13:49.525Z,XBTUSD,Sell,40,7673.5,ZeroMinusTick,5bc52f92-c7a3-2fdb-64ce-bda83b042901,521280,0.0052128,40
431,2020-04-26T13:13:49.525Z,XBTUSD,Sell,21,7673.5,ZeroMinusTick,be394b27-0c12-1c73-9cfb-a60cb44d05d1,273672,0.00273672,21
432,2020-04-26T13:13:49.525Z,XBTUSD,Sell,23,7673.5,ZeroMinusTick,ac85b528-fbf7-bfa7-2645-4d54fc433542,299736,0.00299736,23
433,2020-04-26T13:13:49.525Z,XBTUSD,Sell,40,7673.5,ZeroMinusTick,9ed29224-b73d-3553-098d-5e05c3997e42,521280,0.0052128,40
434,2020-04-26T13:13:49.525Z,XBTUSD,Sell,40,7673.5,ZeroMinusTick,804c395e-87ee-a8e8-3289-0e2223cdfc5a,521280,0.0052128,40
435,2020-04-26T13:13:49.525Z,XBTUSD,Sell,37,7673.5,ZeroMinusTick,8578db9a-c126-cd2f-6a03-7042c517e75a,482184,0.00482184,37
436,2020-04-26T13:13:49.525Z,XBTUSD,Sell,26,7673.5,ZeroMinusTick,20d86aac-1653-6d90-3c36-f7ed9271c7db,338832,0.00338832,26
437,2020-04-26T13:13:49.525Z,XBTUSD,Sell,21,7673.5,ZeroMinusTick,81c18377-96ee-7ff6-05c8-81cd1721f564,273672,0.00273672,21
438,2020-04-26T13:13:49.525Z,XBTUSD,Sell,36,7673.5,ZeroMinusTick,34effa87-ff35-aec8-63db-127cc4af9674,469152,0.00469152,36
439,2020-04-26T13:13:49.525Z,XBTUSD,Sell,31,7673.5,ZeroMinusTick,87848519-ae70-0a58-c6ee-7fcad2e0c0af,403992,0.00403992,31
440,2020-04-26T13:13:49.525Z,XBTUSD,Sell,3506,7673.5,ZeroMinusTick,a1ff8721-3df8-3b32-4587-1dddbe673a1d,45690192,0.45690192,3506
441,2020-04-26T13:13:49.525Z,XBTUSD,Sell,33,7673.5,ZeroMinusTick,c1057534-55c7-fb95-248a-8ad1ff3934e6,430056,0.00430056,33
442,2020-04-26T13:13:49.525Z,XBTUSD,Sell,39,7673.5,ZeroMinusTick,761f228a-c440-992a-e4dd-add609c1fc74,508248,0.00508248,39
443,2020-04-26T13:13:49.525Z,XBTUSD,Sell,40,7673.5,ZeroMinusTick,7923e4b2-cf61-58fe-6e34-01373d91e3ae,521280,0.0052128,40
444,2020-04-26T13:13:49.525Z,XBTUSD,Sell,21,7673.5,ZeroMinusTick,e50237cc-e7bd-99b5-fb82-f3fe98c41ba8,273672,0.00273672,21
445,2020-04-26T13:13:49.525Z,XBTUSD,Sell,35,7673.5,ZeroMinusTick,01b05b01-1562-53d6-e794-ce9820cd6405,456120,0.0045612,35
446,2020-04-26T13:13:49.525Z,XBTUSD,Sell,37,7673.5,ZeroMinusTick,a7457842-3398-c03b-1195-3fa71d658b2a,482184,0.00482184,37
447,2020-04-26T13:13:49.525Z,XBTUSD,Sell,33,7673.5,ZeroMinusTick,85e5af69-aa39-c003-2ac0-5ec5f698abd5,430056,0.00430056,33
448,2020-04-26T13:13:49.525Z,XBTUSD,Sell,40,7673.5,ZeroMinusTick,f32aceef-d208-33a9-6c39-319d2c7c8b68,521280,0.0052128,40
449,2020-04-26T13:13:49.525Z,XBTUSD,Sell,60,7673.5,ZeroMinusTick,3b38868b-f5c3-921b-014a-97bd229c7cc2,781920,0.0078192,60
450,2020-04-26T13:13:49.525Z,XBTUSD,Sell,32,7673.5,ZeroMinusTick,3eda8b24-1758-a252-210d-0f198238c4e5,417024,0.00417024,32
451,2020-04-26T13:13:49.525Z,XBTUSD,Sell,22,7673.5,ZeroMinusTick,7622e888-f23a-ce1d-17a1-b96660b1b142,286704,0.00286704,22
452,2020-04-26T13:13:49.525Z,XBTUSD,Sell,400,7673.5,MinusTick,191c8beb-dfda-f1e6-6767-b7cd4db655d2,5212800,0.052128,400
453,2020-04-26T13:13:49.525Z,XBTUSD,Sell,1000,7674.0,ZeroMinusTick,76e5e6c8-2410-493b-4622-45d24fdebe2f,13031000,0.13031,1000
454,2020-04-26T13:13:49.525Z,XBTUSD,Sell,28,7674.0,ZeroMinusTick,bc160ed4-05b0-cef0-ce65-1c1cb85453cf,364868,0.00364868,28
455,2020-04-26T13:13:49.525Z,XBTUSD,Sell,364,7674.0,ZeroMinusTick,74300d93-0e0f-aefe-af95-51a8d2a4e328,4743284,0.04743284,364
456,2020-04-26T13:13:49.441Z,XBTUSD,Sell,76,7674.0,ZeroMinusTick,354a4e3e-b6b9-fbcd-41e1-18cf515d09e5,990356,0.00990356,76
457,2020-04-26T13:13:49.441Z,XBTUSD,Sell,180,7674.0,ZeroMinusTick,8922101f-f840-f1cc-fc26-5eb0982829aa,2345580,0.0234558,180
458,2020-04-26T13:13:49.441Z,XBTUSD,Sell,52,7674.0,ZeroMinusTick,ec26d7de-2ce0-88b5-7020-7c729200431b,677612,0.00677612,52
459,2020-04-26T13:13:49.441Z,XBTUSD,Sell,3246,7674.0,ZeroMinusTick,bf5adf13-f2c1-0bdb-8ce0-b81204a908a9,42298626,0.42298626,3246
460,2020-04-26T13:13:49.441Z,XBTUSD,Sell,29,7674.0,ZeroMinusTick,e7dff257-c151-5d59-cf8f-c12824a19279,377899,0.00377899,29
461,2020-04-26T13:13:49.441Z,XBTUSD,Sell,30,7674.0,ZeroMinusTick,d8168076-4551-efd0-d649-df6432ad5345,390930,0.0039093,30
462,2020-04-26T13:13:49.441Z,XBTUSD,Sell,35,7674.0,ZeroMinusTick,e1d63a5d-30ba-031d-048a-d2ca636c7f60,456085,0.00456085,35
463,2020-04-26T13:13:49.441Z,XBTUSD,Sell,23,7674.0,ZeroMinusTick,86ae0c4d-ee73-6db3-4f7e-2b138732da71,299713,0.00299713,23
464,2020-04-26T13:13:49.441Z,XBTUSD,Sell,28,7674.0,ZeroMinusTick,daf3b32f-c0d7-44b1-f92e-cc0f12ffab9e,364868,0.00364868,28
465,2020-04-26T13:13:49.441Z,XBTUSD,Sell,26,7674.0,ZeroMinusTick,d09fa6dd-b9d8-f45e-b47b-1cafc61b0cc8,338806,0.00338806,26
466,2020-04-26T13:13:49.441Z,XBTUSD,Sell,39,7674.0,ZeroMinusTick,65779d9d-a21f-ad0d-6b4f-de44201cc526,508209,0.00508209,39
467,2020-04-26T13:13:49.441Z,XBTUSD,Sell,35,7674.0,ZeroMinusTick,12c82a68-bfb3-8c73-a39c-2e5f4eb60c2b,456085,0.00456085,35
468,2020-04-26T13:13:49.441Z,XBTUSD,Sell,24,7674.0,ZeroMinusTick,2f096795-4bc5-2891-f52b-af5dc0f0a92e,312744,0.00312744,24
469,2020-04-26T13:13:49.441Z,XBTUSD,Sell,28,7674.0,ZeroMinusTick,a4b2015a-6ed6-b399-7047-30ede52d639f,364868,0.00364868,28
470,2020-04-26T13:13:49.441Z,XBTUSD,Sell,34,7674.0,ZeroMinusTick,a851396a-fcb2-3a2a-2ded-b62d389d7837,443054,0.00443054,34
471,2020-04-26T13:13:49.441Z,XBTUSD,Sell,3623,7674.0,ZeroMinusTick,1813085e-6fc1-687c-eed1-b3bb80e398f2,47211313,0.47211313,3623
472,2020-04-26T13:13:49.420Z,XBTUSD,Sell,1050,7674.0,ZeroMinusTick,2e94a048-2710-d318-e3de-83075fbdbcd2,13682550,0.1368255,1050
473,2020-04-26T13:13:49.415Z,XBTUSD,Sell,20,7674.0,MinusTick,bc4edb18-b405-dd83-e015-aa7391171c5b,260620,0.0026062,20
474,2020-04-26T13:13:49.383Z,XBTUSD,Buy,38,7674.5,PlusTick,82f7623b-f7eb-6fd5-2a8b-061cef39dc56,495140,0.0049514,38
475,2020-04-26T13:13:49.369Z,XBTUSD,Sell,1307,7674.0,ZeroMinusTick,8de6fe25-60ad-20fc-52ad-8e7e3ec57756,17031517,0.17031517,1307
476,2020-04-26T13:13:49.369Z,XBTUSD,Sell,40,7674.0,ZeroMinusTick,22c3eaa6-b989-c39b-68d5-23f1534638ef,521240,0.0052124,40
477,2020-04-26T13:13:49.369Z,XBTUSD,Sell,38,7674.0,ZeroMinusTick,49cac866-114b-3ccb-df52-96554ef42bed,495178,0.00495178,38
478,2020-04-26T13:13:49.369Z,XBTUSD,Sell,30,7674.0,ZeroMinusTick,fdddd08c-bcbf-9000-b88f-7f8a296e683e,390930,0.0039093,30
479,2020-04-26T13:13:49.369Z,XBTUSD,Sell,38,7674.0,ZeroMinusTick,7fb4342a-7059-5ad2-93c4-b8fe80b82070,495178,0.00495178,38
480,2020-04-26T13:13:49.369Z,XBTUSD,Sell,22,7674.0,ZeroMinusTick,370bacc5-5494-1b0a-5455-95c4fdcad076,286682,0.00286682,22
481,2020-04-26T13:13:49.369Z,XBTUSD,Sell,30,7674.0,ZeroMinusTick,efc7e334-00f2-6fe6-e9d6-5c114721b960,390930,0.0039093,30
482,2020-04-26T13:13:49.369Z,XBTUSD,Sell,22,7674.0,ZeroMinusTick,7159f19f-41fa-0676-e012-af22bc6a5bec,286682,0.00286682,22
483,2020-04-26T13:13:49.369Z,XBTUSD,Sell,24,7674.0,ZeroMinusTick,623a0fea-9150-d9c1-59e3-0916f0770b87,312744,0.00312744,24
484,2020-04-26T13:13:49.369Z,XBTUSD,Sell,16,7674.0,ZeroMinusTick,156bbd66-5c65-b2b4-29f2-f676a6fed490,208496,0.00208496,16
485,2020-04-26T13:13:49.369Z,XBTUSD,Sell,37,7674.0,ZeroMinusTick,482ca9e4-52a3-72e0-c981-beafabb18a73,482147,0.00482147,37
486,2020-04-26T13:13:49.369Z,XBTUSD,Sell,30,7674.0,ZeroMinusTick,3c8fa212-6161-b1e5-a71b-1bd0ef68a40c,390930,0.0039093,30
487,2020-04-26T13:13:49.369Z,XBTUSD,Sell,36,7674.0,ZeroMinusTick,feafe394-f3a3-7dc3-46de-41d2e7c6ef3a,469116,0.00469116,36
488,2020-04-26T13:13:49.369Z,XBTUSD,Sell,24,7674.0,ZeroMinusTick,d41b74b3-d7c6-7500-d4f4-3865dcb03a04,312744,0.00312744,24
489,2020-04-26T13:13:49.369Z,XBTUSD,Sell,31,7674.0,ZeroMinusTick,29a1f5d0-d895-c6b5-c30f-156418682743,403961,0.00403961,31
490,2020-04-26T13:13:49.369Z,XBTUSD,Sell,23,7674.0,ZeroMinusTick,48498d1b-5da0-a3d4-309f-65f60b0b5f57,299713,0.00299713,23
491,2020-04-26T13:13:49.369Z,XBTUSD,Sell,90,7674.0,ZeroMinusTick,17907eab-597f-5d85-6349-e263ea23ed62,1172790,0.0117279,90
492,2020-04-26T13:13:49.369Z,XBTUSD,Sell,40,7674.0,ZeroMinusTick,221a0f04-ccae-bb4b-ed6e-fd4112a87d8b,521240,0.0052124,40
493,2020-04-26T13:13:49.369Z,XBTUSD,Sell,39,7674.0,ZeroMinusTick,e3dc827c-f35e-8244-9b5a-8e7f84cce357,508209,0.00508209,39
494,2020-04-26T13:13:49.369Z,XBTUSD,Sell,27,7674.0,ZeroMinusTick,76098f04-7b50-8ab6-09cb-2c81eafe0422,351837,0.00351837,27
495,2020-04-26T13:13:49.369Z,XBTUSD,Sell,26,7674.0,ZeroMinusTick,87370f66-ab70-3eac-b006-00bff25529b8,338806,0.00338806,26
496,2020-04-26T13:13:49.369Z,XBTUSD,Sell,38,7674.0,ZeroMinusTick,a359375c-e9d8-e3c5-6e97-1f0ef3a158aa,495178,0.00495178,38
497,2020-04-26T13:13:49.369Z,XBTUSD,Sell,35,7674.0,ZeroMinusTick,30ae3bd0-0dc2-aec4-e761-d4007cf7e705,456085,0.00456085,35
498,2020-04-26T13:13:49.369Z,XBTUSD,Sell,80,7674.0,ZeroMinusTick,02fc9c04-e659-72d7-1741-5b80e1b9db4e,1042480,0.0104248,80
499,2020-04-26T13:13:49.369Z,XBTUSD,Sell,27,7674.0,ZeroMinusTick,2607cea8-aac2-db2c-1653-0cf55730395b,351837,0.00351837,27
500,2020-04-26T13:13:49.369Z,XBTUSD,Sell,3648,7674.0,ZeroMinusTick,c8801dcc-a1f8-6186-aedb-ed20a97e031d,47537088,0.47537088,3648
501,2020-04-26T13:13:49.369Z,XBTUSD,Sell,12429,7674.0,ZeroMinusTick,573145ca-8844-4140-0da8-c35ce2243ae0,161962299,1.61962299,12429
502,2020-04-26T13:13:49.369Z,XBTUSD,Sell,975,7674.0,ZeroMinusTick,105337c7-2791-41b9-001d-09fcde3731d8,12705225,0.12705225,975
503,2020-04-26T13:13:49.369Z,XBTUSD,Sell,1221,7674.0,ZeroMinusTick,101a7826-45b4-d0b7-b83a-037a03dbeb22,15910851,0.15910851,1221
504,2020-04-26T13:13:49.369Z,XBTUSD,Sell,645,7674.0,ZeroMinusTick,3bb22c45-6bd7-96a0-63c4-8b641aac99c7,8404995,0.08404995,645
505,2020-04-26T13:13:49.369Z,XBTUSD,Sell,606,7674.0,ZeroMinusTick,94ac6025-bd7b-6fd9-7688-9cb3dc0aa3e5,7896786,0.07896786,606
506,2020-04-26T13:13:49.369Z,XBTUSD,Sell,13902,7674.0,ZeroMinusTick,6107bc59-b319-7f07-f7fb-b6b53e4ee0eb,181156962,1.81156962,13902
507,2020-04-26T13:13:49.369Z,XBTUSD,Sell,7230,7674.0,ZeroMinusTick,76cd1995-5b80-9996-de36-dc28a1fc30d7,94214130,0.9421413,7230
508,2020-04-26T13:13:49.369Z,XBTUSD,Sell,651,7674.0,ZeroMinusTick,0c161012-fe4b-75c0-6e39-2dca3f1b05a9,8483181,0.08483181,651
509,2020-04-26T13:13:49.369Z,XBTUSD,Sell,100,7674.0,ZeroMinusTick,e0453983-4f5b-4e00-e135-044a6475d09b,1303100,0.013031,100
510,2020-04-26T13:13:49.369Z,XBTUSD,Sell,31,7674.0,ZeroMinusTick,3e3a57e5-bd31-9938-0f49-20c859fc0d35,403961,0.00403961,31
511,2020-04-26T13:13:49.369Z,XBTUSD,Sell,105,7674.0,ZeroMinusTick,60b14170-f5c2-621d-471b-856cbc252063,1368255,0.01368255,105
512,2020-04-26T13:13:49.369Z,XBTUSD,Sell,20,7674.0,ZeroMinusTick,53b0a8ce-f911-da6d-3ee4-fd224f4cbde7,260620,0.0026062,20
513,2020-04-26T13:13:49.369Z,XBTUSD,Sell,97,7674.0,ZeroMinusTick,02aac658-08d2-021c-3101-e6ce00ff224c,1264007,0.01264007,97
514,2020-04-26T13:13:49.369Z,XBTUSD,Sell,1000,7674.0,ZeroMinusTick,5714ca5b-e12c-7b88-e691-3a5e3388c792,13031000,0.13031,1000
515,2020-04-26T13:13:49.369Z,XBTUSD,Sell,1000,7674.0,ZeroMinusTick,92cf7a29-8dd4-b300-1233-d110011c1e76,13031000,0.13031,1000
516,2020-04-26T13:13:49.369Z,XBTUSD,Sell,34190,7674.0,ZeroMinusTick,2413fb63-2b0f-51a6-b284-9fffca2708a6,445529890,4.4552989,34190
517,2020-04-26T13:13:49.362Z,XBTUSD,Sell,15810,7674.0,ZeroMinusTick,9670b766-8336-d489-dcf9-e501b84bade4,206020110,2.0602011,15810
518,2020-04-26T13:13:49.362Z,XBTUSD,Sell,50,7674.0,ZeroMinusTick,10aebd22-10cf-d4ce-ce44-8c283f0d18d6,651550,0.0065155,50
519,2020-04-26T13:13:49.362Z,XBTUSD,Sell,3459,7674.0,MinusTick,bf4c1d07-4f72-2268-c467-f5d9a5243a70,45074229,0.45074229,3459
520,2020-04-26T13:13:49.291Z,XBTUSD,Buy,1000,7674.5,PlusTick,1e150cd7-1ae5-a879-ecb9-37dface02fc2,13030000,0.1303,1000
521,2020-04-26T13:13:49.178Z,XBTUSD,Sell,600,7674.0,ZeroMinusTick,195e4cf1-7055-53c6-d86c-2890f72a4810,7818600,0.078186,600
522,2020-04-26T13:13:49.096Z,XBTUSD,Sell,14939,7674.0,ZeroMinusTick,07d07c45-9a2e-595f-43e5-b352bc0334d1,194670109,1.94670109,14939
523,2020-04-26T13:13:49.096Z,XBTUSD,Sell,100,7674.0,MinusTick,f60ca2b6-db57-de50-ff59-1472d1f1d237,1303100,0.013031,100
524,2020-04-26T13:13:49.096Z,XBTUSD,Sell,20,7674.5,ZeroMinusTick,c92e6e64-1d9b-a13c-e973-b0a66a196380,260600,0.002606,20
525,2020-04-26T13:13:49.096Z,XBTUSD,Sell,100,7674.5,ZeroMinusTick,8e5f734e-3dd5-6421-4e6b-451ef116234d,1303000,0.01303,100
526,2020-04-26T13:13:49.096Z,XBTUSD,Sell,10,7674.5,ZeroMinusTick,8f3e2a01-74e8-2d7c-6e6d-1d3f3886f178,130300,0.001303,10
527,2020-04-26T13:13:49.096Z,XBTUSD,Sell,74,7674.5,ZeroMinusTick,29ae14ef-31c4-d9b5-25e5-de2c72efa3ad,964220,0.0096422,74
528,2020-04-26T13:13:49.096Z,XBTUSD,Sell,1,7674.5,ZeroMinusTick,abe9a2cf-77e3-0dca-5ddf-75a48979f7b5,13030,0.0001303,1
529,2020-04-26T13:13:49.096Z,XBTUSD,Sell,31,7674.5,ZeroMinusTick,b434548e-10d4-e813-79b3-72fa0e66fce3,403930,0.0040393,31
530,2020-04-26T13:13:49.096Z,XBTUSD,Sell,37,7674.5,ZeroMinusTick,f7d4a1c4-1c28-b9ad-3e6b-ccbf6482abcc,482110,0.0048211,37
531,2020-04-26T13:13:49.096Z,XBTUSD,Sell,26,7674.5,ZeroMinusTick,403ed248-8311-0381-095c-4fc39f3d2dd4,338780,0.0033878,26
532,2020-04-26T13:13:49.096Z,XBTUSD,Sell,26,7674.5,ZeroMinusTick,b05a9c77-1a95-4a24-08cd-d3c5736b03e8,338780,0.0033878,26
533,2020-04-26T13:13:49.096Z,XBTUSD,Sell,32,7674.5,ZeroMinusTick,5ab6a99a-2fb6-4708-c5fa-5eac996d3997,416960,0.0041696,32
534,2020-04-26T13:13:49.096Z,XBTUSD,Sell,21,7674.5,ZeroMinusTick,d23c9462-5d92-e2d6-c43b-4d7a736dccf2,273630,0.0027363,21
535,2020-04-26T13:13:49.096Z,XBTUSD,Sell,32,7674.5,ZeroMinusTick,424e8698-d1b3-fd5a-ce6c-cff7c3853a47,416960,0.0041696,32
536,2020-04-26T13:13:49.096Z,XBTUSD,Sell,39,7674.5,ZeroMinusTick,cc093889-4500-5923-41f6-e9dc62ba81bf,508170,0.0050817,39
537,2020-04-26T13:13:49.096Z,XBTUSD,Sell,26,7674.5,ZeroMinusTick,8e3ecfa0-246a-52af-6e14-58638793fea1,338780,0.0033878,26
538,2020-04-26T13:13:49.096Z,XBTUSD,Sell,28,7674.5,ZeroMinusTick,86fb4cfc-8541-be79-a51c-405d8f23ed83,364840,0.0036484,28
539,2020-04-26T13:13:49.096Z,XBTUSD,Sell,21,7674.5,ZeroMinusTick,dc9351a9-a788-8c5f-cc86-ef4f480ded6e,273630,0.0027363,21
540,2020-04-26T13:13:49.096Z,XBTUSD,Sell,24,7674.5,ZeroMinusTick,d0eca756-95f6-eab5-9a0d-db6dda9f71a5,312720,0.0031272,24
541,2020-04-26T13:13:49.096Z,XBTUSD,Sell,24,7674.5,ZeroMinusTick,763b140f-8af1-f2ef-7447-c392974e5569,312720,0.0031272,24
542,2020-04-26T13:13:49.096Z,XBTUSD,Sell,28,7674.5,ZeroMinusTick,c53b6adb-629b-11ee-0a6b-beb0cd5939e4,364840,0.0036484,28
543,2020-04-26T13:13:49.096Z,XBTUSD,Sell,24,7674.5,ZeroMinusTick,30ae7996-fea8-fb49-3773-d5dc9a39188d,312720,0.0031272,24
544,2020-04-26T13:13:49.096Z,XBTUSD,Sell,36,7674.5,ZeroMinusTick,d5b6a307-389e-a5f6-b7f3-fbfda45e14e7,469080,0.0046908,36
545,2020-04-26T13:13:49.096Z,XBTUSD,Sell,24,7674.5,ZeroMinusTick,f66492c2-3400-12ef-fb63-239c7ee03741,312720,0.0031272,24
546,2020-04-26T13:13:49.096Z,XBTUSD,Sell,30,7674.5,ZeroMinusTick,be0b3432-56a9-8c4c-1972-be4152ac1c02,390900,0.003909,30
547,2020-04-26T13:13:49.096Z,XBTUSD,Sell,24,7674.5,ZeroMinusTick,424afa11-624b-1e8c-056f-72624424cccf,312720,0.0031272,24
548,2020-04-26T13:13:49.096Z,XBTUSD,Sell,32,7674.5,ZeroMinusTick,84993873-9424-97dd-6a10-ed132c2735f9,416960,0.0041696,32
549,2020-04-26T13:13:49.096Z,XBTUSD,Sell,39,7674.5,ZeroMinusTick,04081f49-f0be-d899-334d-d7c26146f730,508170,0.0050817,39
550,2020-04-26T13:13:49.096Z,XBTUSD,Sell,25,7674.5,ZeroMinusTick,5c5b0bbe-26b6-ea8a-f768-2e0537893b4e,325750,0.0032575,25
551,2020-04-26T13:13:49.096Z,XBTUSD,Sell,31,7674.5,ZeroMinusTick,aa7fc288-6c83-468e-d0bc-db07180515b9,403930,0.0040393,31
552,2020-04-26T13:13:49.096Z,XBTUSD,Sell,39,7674.5,ZeroMinusTick,003b07f0-ec93-ebe6-f4d1-c96de07cb499,508170,0.0050817,39
553,2020-04-26T13:13:49.096Z,XBTUSD,Sell,33,7674.5,ZeroMinusTick,e9be8ba1-7283-3fcd-0f74-f7f9ca8216ea,429990,0.0042999,33
554,2020-04-26T13:13:49.096Z,XBTUSD,Sell,36,7674.5,ZeroMinusTick,6ea0ba03-9546-f4a9-a0f8-2ef76285bca1,469080,0.0046908,36
555,2020-04-26T13:13:49.096Z,XBTUSD,Sell,40,7674.5,ZeroMinusTick,11aa98aa-bfdf-7faf-6554-52cb043ba1e7,521200,0.005212,40
556,2020-04-26T13:13:49.096Z,XBTUSD,Sell,31,7674.5,ZeroMinusTick,06bcd508-a383-3ab1-94e8-c555674ac661,403930,0.0040393,31
557,2020-04-26T13:13:49.096Z,XBTUSD,Sell,29,7674.5,ZeroMinusTick,f6104abb-22c4-7eac-489b-54095e6cc274,377870,0.0037787,29
558,2020-04-26T13:13:49.096Z,XBTUSD,Sell,24,7674.5,ZeroMinusTick,71caf086-822d-97be-3afc-0d689fbad868,312720,0.0031272,24
559,2020-04-26T13:13:49.096Z,XBTUSD,Sell,34,7674.5,ZeroMinusTick,980ba747-5b47-6c6a-9f31-b78e490f17b5,443020,0.0044302,34
560,2020-04-26T13:13:49.096Z,XBTUSD,Sell,36,7674.5,ZeroMinusTick,0aced8d1-6735-4f15-c712-c7a3db56a428,469080,0.0046908,36
561,2020-04-26T13:13:49.096Z,XBTUSD,Sell,34,7674.5,ZeroMinusTick,0f9a2ec3-aa6d-6170-70eb-e3151e5180e9,443020,0.0044302,34
562,2020-04-26T13:13:49.096Z,XBTUSD,Sell,24,7674.5,ZeroMinusTick,dfd41d53-16c4-81c8-5785-cbfb0bab5de7,312720,0.0031272,24
563,2020-04-26T13:13:49.096Z,XBTUSD,Sell,22,7674.5,ZeroMinusTick,042ea5a6-f19c-be38-f3fd-ef830af909ad,286660,0.0028666,22
564,2020-04-26T13:13:49.096Z,XBTUSD,Sell,22,7674.5,ZeroMinusTick,c44361b6-e7d3-6a87-cc74-5b91f381b61a,286660,0.0028666,22
565,2020-04-26T13:13:49.096Z,XBTUSD,Sell,35,7674.5,ZeroMinusTick,c8ae2cf7-da86-b13f-21f0-073b5935cd49,456050,0.0045605,35
566,2020-04-26T13:13:49.096Z,XBTUSD,Sell,34,7674.5,ZeroMinusTick,9b75c005-e24c-c897-edf2-46c42dcd5436,443020,0.0044302,34
567,2020-04-26T13:13:49.096Z,XBTUSD,Sell,362,7674.5,ZeroMinusTick,e60da1e7-5b75-b0fa-4192-d9548b9a6b6a,4716860,0.0471686,362
568,2020-04-26T13:13:49.096Z,XBTUSD,Sell,363,7674.5,ZeroMinusTick,c7f059be-35bd-4747-b1e0-7f9747d14cbb,4729890,0.0472989,363
569,2020-04-26T13:13:49.096Z,XBTUSD,Sell,32,7674.5,ZeroMinusTick,66f399c5-710c-6c65-2a0c-c3c88b4c3141,416960,0.0041696,32
570,2020-04-26T13:13:49.096Z,XBTUSD,Sell,34,7674.5,ZeroMinusTick,db00c55f-296c-9347-0c03-514175599982,443020,0.0044302,34
571,2020-04-26T13:13:49.096Z,XBTUSD,Sell,21,7674.5,ZeroMinusTick,5dd39526-9689-5123-ed3c-fd21dafdb154,273630,0.0027363,21
572,2020-04-26T13:13:49.096Z,XBTUSD,Sell,40,7674.5,ZeroMinusTick,adb332c6-fe86-6895-b9d4-7537e33445e3,521200,0.005212,40
573,2020-04-26T13:13:49.096Z,XBTUSD,Sell,38,7674.5,ZeroMinusTick,459f47cc-59bf-18f5-8e4d-137aee440d4c,495140,0.0049514,38
574,2020-04-26T13:13:49.096Z,XBTUSD,Sell,29,7674.5,ZeroMinusTick,7292ff7d-4734-1755-69e8-821d2b65526a,377870,0.0037787,29
575,2020-04-26T13:13:49.096Z,XBTUSD,Sell,40,7674.5,ZeroMinusTick,1eba64b1-5e6f-ce14-7eb4-8fccf6f96362,521200,0.005212,40
576,2020-04-26T13:13:49.096Z,XBTUSD,Sell,30,7674.5,ZeroMinusTick,ee41f30f-4fe9-f052-cb94-6f0d84415021,390900,0.003909,30
577,2020-04-26T13:13:49.096Z,XBTUSD,Sell,21,7674.5,ZeroMinusTick,ffd2bbc4-b1e7-ee12-4307-981293d6062b,273630,0.0027363,21
578,2020-04-26T13:13:49.096Z,XBTUSD,Sell,27,7674.5,ZeroMinusTick,2a1e2168-7403-b7b3-89d4-cce0c2e10c59,351810,0.0035181,27
579,2020-04-26T13:13:49.096Z,XBTUSD,Sell,22,7674.5,ZeroMinusTick,bdfe4c1c-775d-36af-2705-1c4ddc5f52c3,286660,0.0028666,22
580,2020-04-26T13:13:49.096Z,XBTUSD,Sell,33,7674.5,ZeroMinusTick,66739288-0211-cb55-52fc-4dad4b4afa94,429990,0.0042999,33
581,2020-04-26T13:13:49.096Z,XBTUSD,Sell,35,7674.5,ZeroMinusTick,5d2452b8-20f5-b706-fc63-0919136a7b58,456050,0.0045605,35
582,2020-04-26T13:13:49.096Z,XBTUSD,Sell,35,7674.5,ZeroMinusTick,e50e3701-cc65-0684-d79b-25872599a688,456050,0.0045605,35
583,2020-04-26T13:13:49.096Z,XBTUSD,Sell,32,7674.5,ZeroMinusTick,dc5ff05d-de4c-a415-b4d3-42555c754724,416960,0.0041696,32
584,2020-04-26T13:13:49.096Z,XBTUSD,Sell,900,7674.5,ZeroMinusTick,6b0f731a-6322-c1f9-2cd5-140f31af17fc,11727000,0.11727,900
585,2020-04-26T13:13:49.096Z,XBTUSD,Sell,11529,7674.5,ZeroMinusTick,9ac6287c-da59-10df-ace6-99c36d3695c7,150222870,1.5022287,11529
586,2020-04-26T13:13:49.091Z,XBTUSD,Sell,2498,7674.5,ZeroMinusTick,c5695c73-18ef-9955-8c64-d46c6bf53d13,32548940,0.3254894,2498
587,2020-04-26T13:13:49.008Z,XBTUSD,Sell,2000,7674.5,MinusTick,d4a7618f-d374-0d9f-0862-36dd96f2de74,26060000,0.2606,2000
588,2020-04-26T13:13:48.935Z,XBTUSD,Buy,800,7675.0,PlusTick,61e0fcc7-38cd-d940-20af-d1195db24e4b,10423200,0.104232,800
589,2020-04-26T13:13:48.886Z,XBTUSD,Sell,206391,7674.5,ZeroMinusTick,5c86f8b8-b465-f4dc-2725-6b481f628760,2689274730,26.8927473,206391
590,2020-04-26T13:13:48.849Z,XBTUSD,Sell,4105,7674.5,ZeroMinusTick,81aea461-61f4-9389-3d14-5f542f449258,53488150,0.5348815,4105
591,2020-04-26T13:13:48.746Z,XBTUSD,Sell,21614,7674.5,ZeroMinusTick,e855953b-345f-0a4b-d80f-b688a61dfa9c,281630420,2.8163042,21614
592,2020-04-26T13:13:48.727Z,XBTUSD,Sell,1863,7674.5,ZeroMinusTick,8b2e98b1-26ae-b570-a8dc-6b6e541477b9,24274890,0.2427489,1863
593,2020-04-26T13:13:48.727Z,XBTUSD,Sell,60,7674.5,ZeroMinusTick,540b7344-adb3-4633-2c77-538e1977f72c,781800,0.007818,60
594,2020-04-26T13:13:48.727Z,XBTUSD,Sell,50,7674.5,ZeroMinusTick,eced38e6-4fee-0b6c-0854-6102f4b3bcc6,651500,0.006515,50
595,2020-04-26T13:13:48.727Z,XBTUSD,Sell,30,7674.5,ZeroMinusTick,297835f4-dbd5-e034-70d7-a239bc2d46e1,390900,0.003909,30
596,2020-04-26T13:13:48.727Z,XBTUSD,Sell,23,7674.5,ZeroMinusTick,cb79c77c-deb3-e7a2-d30a-22075745d768,299690,0.0029969,23
597,2020-04-26T13:13:48.727Z,XBTUSD,Sell,20,7674.5,ZeroMinusTick,0d6f4090-0e55-9755-e086-4e5c5c7d46ec,260600,0.002606,20
598,2020-04-26T13:13:48.727Z,XBTUSD,Sell,400,7674.5,ZeroMinusTick,74a1c285-7b52-1c0d-c894-f06b2745d54c,5212000,0.05212,400
599,2020-04-26T13:13:48.727Z,XBTUSD,Sell,498,7674.5,ZeroMinusTick,8874aa9b-90c0-02b0-01ad-a1a8338b521d,6488940,0.0648894,498
600,2020-04-26T13:13:48.704Z,XBTUSD,Sell,502,7674.5,ZeroMinusTick,4616c4f9-b734-701a-4e89-d564da4a473a,6541060,0.0654106,502
601,2020-04-26T13:13:48.704Z,XBTUSD,Sell,898,7674.5,ZeroMinusTick,fe21bfd0-d356-ef1a-46dd-c8f1b86139ba,11700940,0.1170094,898
602,2020-04-26T13:13:48.424Z,XBTUSD,Sell,3000,7674.5,ZeroMinusTick,d6aed51f-4363-8319-f586-b038d345944e,39090000,0.3909,3000
603,2020-04-26T13:13:48.421Z,XBTUSD,Sell,9000,7674.5,ZeroMinusTick,ff403c1f-c715-789f-0a4a-d6f91be5ba32,117270000,1.1727,9000
604,2020-04-26T13:13:48.401Z,XBTUSD,Sell,20,7674.5,ZeroMinusTick,b9c25940-bf94-2ad2-2beb-86f74a68835c,260600,0.002606,20
605,2020-04-26T13:13:48.391Z,XBTUSD,Sell,250,7674.5,ZeroMinusTick,e822a178-9099-108f-9666-9cf10d3daf29,3257500,0.032575,250
606,2020-04-26T13:13:48.367Z,XBTUSD,Sell,16832,7674.5,ZeroMinusTick,68451c78-4c62-8f74-d092-6882ffdb683e,219320960,2.1932096,16832
607,2020-04-26T13:13:48.367Z,XBTUSD,Sell,100,7674.5,MinusTick,1509871e-9a99-aa7a-9e1e-f20090ef74c8,1303000,0.01303,100
608,2020-04-26T13:13:48.367Z,XBTUSD,Sell,10360,7675.0,ZeroMinusTick,643780bb-d0df-0108-36e0-2e4258126209,134980440,1.3498044,10360
609,2020-04-26T13:13:48.367Z,XBTUSD,Sell,1108,7675.0,MinusTick,0e771944-3712-5722-e3db-192cf0cda039,14436132,0.14436132,1108
610,2020-04-26T13:13:48.297Z,XBTUSD,Buy,2000,7675.5,ZeroPlusTick,12cbeca5-9b81-9440-361a-4d1a7918033e,26056000,0.26056,2000
611,2020-04-26T13:13:48.297Z,XBTUSD,Buy,1000,7675.5,PlusTick,2773cdf4-09b4-c0e8-70d8-d70072747bcb,13028000,0.13028,1000
612,2020-04-26T13:13:48.278Z,XBTUSD,Sell,2000,7675.0,ZeroMinusTick,7a17519e-81d7-e3be-c2a4-6954d0c3bf1a,26058000,0.26058,2000
613,2020-04-26T13:13:48.229Z,XBTUSD,Sell,3002,7675.0,ZeroMinusTick,a67eec78-a4fd-9b8e-083e-c9f12ad8e28b,39113058,0.39113058,3002
614,2020-04-26T13:13:48.206Z,XBTUSD,Sell,1500,7675.0,ZeroMinusTick,184f3d36-2364-5115-a9f2-d26c502628ce,19543500,0.195435,1500
615,2020-04-26T13:13:48.191Z,XBTUSD,Sell,4002,7675.0,ZeroMinusTick,fd694d5d-a588-39f1-acee-023547c3e565,52142058,0.52142058,4002
616,2020-04-26T13:13:48.109Z,XBTUSD,Sell,26026,7675.0,ZeroMinusTick,18d5c6cf-aa50-1900-a7eb-768f57647437,339092754,3.39092754,26026
617,2020-04-26T13:13:48.100Z,XBTUSD,Sell,4103,7675.0,ZeroMinusTick,8525c001-a51d-86f5-de6b-f2148471c241,53457987,0.53457987,4103
618,2020-04-26T13:13:47.978Z,XBTUSD,Sell,259,7675.0,ZeroMinusTick,c3a05ef1-8f93-8a2e-d762-c23eb7d5d3f7,3374511,0.03374511,259
619,2020-04-26T13:13:47.978Z,XBTUSD,Sell,52,7675.0,ZeroMinusTick,0588ce85-2616-4f12-3c75-e23dd510068c,677508,0.00677508,52
620,2020-04-26T13:13:47.978Z,XBTUSD,Sell,250,7675.0,ZeroMinusTick,0e721958-13ae-1237-43b7-14e8bfc6448f,3257250,0.0325725,250
621,2020-04-26T13:13:47.978Z,XBTUSD,Sell,439,7675.0,ZeroMinusTick,ee456c5f-9c20-8536-f5eb-616284c38a08,5719731,0.05719731,439
622,2020-04-26T13:13:47.677Z,XBTUSD,Sell,200,7675.0,ZeroMinusTick,0a8f2d5e-7384-ebfa-39fd-824f30dcdd49,2605800,0.026058,200
623,2020-04-26T13:13:47.501Z,XBTUSD,Sell,474,7675.0,ZeroMinusTick,a2a3543b-2d7f-c7a2-0139-16d53e39d821,6175746,0.06175746,474
624,2020-04-26T13:13:47.477Z,XBTUSD,Sell,12000,7675.0,ZeroMinusTick,b4479138-61e2-1731-0158-58327d04c941,156348000,1.56348,12000
625,2020-04-26T13:13:47.387Z,XBTUSD,Sell,36887,7675.0,ZeroMinusTick,2b66ad63-fcd5-cfa4-cfe2-214175b581a3,480600723,4.80600723,36887
626,2020-04-26T13:13:47.387Z,XBTUSD,Sell,21,7675.0,ZeroMinusTick,22ab3386-72d4-f0d6-a0be-2374598c9acb,273609,0.00273609,21
627,2020-04-26T13:13:47.387Z,XBTUSD,Sell,32,7675.0,ZeroMinusTick,63c5cacc-2604-54e0-17e6-f9b55332ac31,416928,0.00416928,32
628,2020-04-26T13:13:47.387Z,XBTUSD,Sell,38,7675.0,ZeroMinusTick,d960909c-db9f-fc9d-09f1-ade4b7f41374,495102,0.00495102,38
629,2020-04-26T13:13:47.387Z,XBTUSD,Sell,25,7675.0,ZeroMinusTick,02147301-7208-6aab-1fd5-4bef011674b6,325725,0.00325725,25
630,2020-04-26T13:13:47.387Z,XBTUSD,Sell,21,7675.0,ZeroMinusTick,7c31e222-1973-f0cb-67db-1db9ccd9efaf,273609,0.00273609,21
631,2020-04-26T13:13:47.387Z,XBTUSD,Sell,34,7675.0,ZeroMinusTick,d44301c1-0b70-4305-1118-5b45164a4ba5,442986,0.00442986,34
632,2020-04-26T13:13:47.387Z,XBTUSD,Sell,34,7675.0,ZeroMinusTick,b6ff8113-8ce0-46b6-fbb9-b62d1cfe7886,442986,0.00442986,34
633,2020-04-26T13:13:47.387Z,XBTUSD,Sell,39,7675.0,ZeroMinusTick,e4cc29ea-0e84-4928-a650-081a25bc0244,508131,0.00508131,39
634,2020-04-26T13:13:47.387Z,XBTUSD,Sell,22,7675.0,ZeroMinusTick,ad21b523-c4f8-ab7b-7f5e-47fd0386e117,286638,0.00286638,22
635,2020-04-26T13:13:47.387Z,XBTUSD,Sell,31,7675.0,ZeroMinusTick,9db7f140-0384-8167-5e45-8b28a285660b,403899,0.00403899,31
636,2020-04-26T13:13:47.387Z,XBTUSD,Sell,35,7675.0,ZeroMinusTick,fa974ebb-08e8-c5ba-3ddc-75d4cac0585d,456015,0.00456015,35
637,2020-04-26T13:13:47.387Z,XBTUSD,Sell,26,7675.0,ZeroMinusTick,0bcb4546-0d93-efdb-d4b9-aacca332ca0d,338754,0.00338754,26
638,2020-04-26T13:13:47.387Z,XBTUSD,Sell,38,7675.0,ZeroMinusTick,64cad698-b9cb-548a-6677-ab52d46b2b66,495102,0.00495102,38
639,2020-04-26T13:13:47.387Z,XBTUSD,Sell,22,7675.0,ZeroMinusTick,4fa6c0e0-4fbd-cc42-5df0-74a40ebf42d9,286638,0.00286638,22
640,2020-04-26T13:13:47.387Z,XBTUSD,Sell,35,7675.0,ZeroMinusTick,251a1e51-6b4f-b035-9e1a-f232309b8b23,456015,0.00456015,35
641,2020-04-26T13:13:47.387Z,XBTUSD,Sell,34,7675.0,ZeroMinusTick,e69ed368-c9cf-c9fd-7410-926252150b1d,442986,0.00442986,34
642,2020-04-26T13:13:47.387Z,XBTUSD,Sell,28,7675.0,ZeroMinusTick,c0a9df99-eea5-05ab-ff1c-d94b43f77a8c,364812,0.00364812,28
643,2020-04-26T13:13:47.387Z,XBTUSD,Sell,1000,7675.0,ZeroMinusTick,39cadcbc-83db-e4a9-7aa2-0d596a5e2b36,13029000,0.13029,1000
644,2020-04-26T13:13:47.387Z,XBTUSD,Sell,20,7675.0,ZeroMinusTick,108ef352-b3f5-de3f-f4e0-d940bb4708cd,260580,0.0026058,20
645,2020-04-26T13:13:47.387Z,XBTUSD,Sell,34,7675.0,ZeroMinusTick,54a7f75f-f86f-32bd-75fb-a4ef50b1fdf4,442986,0.00442986,34
646,2020-04-26T13:13:47.387Z,XBTUSD,Sell,30,7675.0,ZeroMinusTick,040689c1-940f-578e-e757-dbbe77a61ec8,390870,0.0039087,30
647,2020-04-26T13:13:47.387Z,XBTUSD,Sell,22,7675.0,ZeroMinusTick,5f8c69e2-38e6-7549-0d68-b5704b51ad33,286638,0.00286638,22
648,2020-04-26T13:13:47.387Z,XBTUSD,Sell,36,7675.0,ZeroMinusTick,6ca3c11d-f899-1a01-621a-7324ea34caa3,469044,0.00469044,36
649,2020-04-26T13:13:47.387Z,XBTUSD,Sell,32,7675.0,ZeroMinusTick,712536a6-28b7-4a17-c836-1d8bce00086c,416928,0.00416928,32
650,2020-04-26T13:13:47.387Z,XBTUSD,Sell,30,7675.0,ZeroMinusTick,cbc522ec-ba52-6c6c-73ec-80bda86ca9f6,390870,0.0039087,30
651,2020-04-26T13:13:47.387Z,XBTUSD,Sell,24,7675.0,ZeroMinusTick,9d619ac1-b291-1930-6f4e-7737b404f1ca,312696,0.00312696,24
652,2020-04-26T13:13:47.387Z,XBTUSD,Sell,24,7675.0,ZeroMinusTick,4fef1e44-428a-7d08-5a82-b2f1197ecb46,312696,0.00312696,24
653,2020-04-26T13:13:47.387Z,XBTUSD,Sell,29,7675.0,ZeroMinusTick,f2125564-db4b-d837-a49b-31a015909963,377841,0.00377841,29
654,2020-04-26T13:13:47.387Z,XBTUSD,Sell,37,7675.0,ZeroMinusTick,96dc70b3-9f0f-0d1e-4698-8e082abe3273,482073,0.00482073,37
655,2020-04-26T13:13:47.387Z,XBTUSD,Sell,26,7675.0,ZeroMinusTick,19728be9-63aa-a41c-4670-0283ac68faeb,338754,0.00338754,26
656,2020-04-26T13:13:47.387Z,XBTUSD,Sell,24,7675.0,ZeroMinusTick,59a3cbf1-cb66-266b-4dce-fbda4ba2643d,312696,0.00312696,24
657,2020-04-26T13:13:47.387Z,XBTUSD,Sell,38,7675.0,ZeroMinusTick,f69257f2-2871-78a9-dd74-ec8a2412651a,495102,0.00495102,38
658,2020-04-26T13:13:47.387Z,XBTUSD,Sell,31,7675.0,ZeroMinusTick,92ee2f4c-4492-1035-c68e-8aee0cea8894,403899,0.00403899,31
659,2020-04-26T13:13:47.387Z,XBTUSD,Sell,29,7675.0,ZeroMinusTick,7bc348f6-bde0-02a1-c01e-bfb4ba592aed,377841,0.00377841,29
660,2020-04-26T13:13:47.387Z,XBTUSD,Sell,25,7675.0,ZeroMinusTick,0a1c36e0-9094-f564-b3d4-f7b6bd924234,325725,0.00325725,25
661,2020-04-26T13:13:47.387Z,XBTUSD,Sell,500,7675.0,ZeroMinusTick,8f7ced86-221a-56e8-d698-62f70d4e411a,6514500,0.065145,500
662,2020-04-26T13:13:47.387Z,XBTUSD,Sell,20000,7675.0,ZeroMinusTick,45920d58-52ab-d0bc-cc1d-fba2ce467573,260580000,2.6058,20000
663,2020-04-26T13:13:47.387Z,XBTUSD,Sell,3000,7675.0,ZeroMinusTick,6196496f-3ac6-a437-6df7-0b518156e68c,39087000,0.39087,3000
664,2020-04-26T13:13:47.387Z,XBTUSD,Sell,4,7675.0,ZeroMinusTick,0645c5e6-286b-d794-757f-5c7efeefb2e7,52116,0.00052116,4
665,2020-04-26T13:13:47.387Z,XBTUSD,Sell,60,7675.0,ZeroMinusTick,9ff58e1a-f174-4af4-c6b4-54e1fec14135,781740,0.0078174,60
666,2020-04-26T13:13:47.387Z,XBTUSD,Sell,20,7675.0,ZeroMinusTick,e6154b93-1bd5-a79f-7300-95be78d02c55,260580,0.0026058,20
667,2020-04-26T13:13:47.387Z,XBTUSD,Sell,1000,7675.0,ZeroMinusTick,d2927ec3-cc82-2050-13d0-674bdc5b720a,13029000,0.13029,1000
668,2020-04-26T13:13:47.387Z,XBTUSD,Sell,60,7675.0,ZeroMinusTick,866a77a8-f627-ee3d-22de-a6a599c10574,781740,0.0078174,60
669,2020-04-26T13:13:47.387Z,XBTUSD,Sell,500,7675.0,ZeroMinusTick,7ae5f27d-de21-0d44-6788-61807dd32c5e,6514500,0.065145,500
670,2020-04-26T13:13:47.387Z,XBTUSD,Sell,100,7675.0,ZeroMinusTick,48e1536e-8630-8b72-c00b-3f69543974db,1302900,0.013029,100
671,2020-04-26T13:13:47.387Z,XBTUSD,Sell,21,7675.0,ZeroMinusTick,fe0339b1-d7cc-4932-48ce-ea13c25e58e7,273609,0.00273609,21
672,2020-04-26T13:13:47.387Z,XBTUSD,Sell,668,7675.0,ZeroMinusTick,3826ef5e-7b57-c388-ef02-88fdb75cedc9,8703372,0.08703372,668
673,2020-04-26T13:13:47.387Z,XBTUSD,Sell,500,7675.0,ZeroMinusTick,6bdc789d-fc2e-e764-4ad3-93ab07503648,6514500,0.065145,500
674,2020-04-26T13:13:47.387Z,XBTUSD,Sell,68,7675.0,ZeroMinusTick,1c9d9bbf-9dc1-5333-369a-21290d2a7d8b,885972,0.00885972,68
675,2020-04-26T13:13:47.387Z,XBTUSD,Sell,20,7675.0,ZeroMinusTick,6ef43b94-799e-274b-f2de-9d162603cac0,260580,0.0026058,20
676,2020-04-26T13:13:47.387Z,XBTUSD,Sell,1000,7675.0,ZeroMinusTick,e28d4f2c-bb3f-dc9f-6833-3a6a0192f78b,13029000,0.13029,1000
677,2020-04-26T13:13:47.387Z,XBTUSD,Sell,19,7675.0,MinusTick,c583c078-8c1f-c5af-f147-ea2bfa692106,247551,0.00247551,19
678,2020-04-26T13:13:47.387Z,XBTUSD,Sell,28,7675.5,ZeroMinusTick,92c78ecb-7561-a46c-60a9-1742c448b848,364784,0.00364784,28
679,2020-04-26T13:13:47.387Z,XBTUSD,Sell,22,7675.5,ZeroMinusTick,b6adac25-1d4c-bc87-c6e6-5c81c7564d1b,286616,0.00286616,22
680,2020-04-26T13:13:47.387Z,XBTUSD,Sell,30,7675.5,ZeroMinusTick,df61311b-64c4-5738-21d2-061b40e63e95,390840,0.0039084,30
681,2020-04-26T13:13:47.387Z,XBTUSD,Sell,34,7675.5,ZeroMinusTick,288c3155-b1d8-bea9-ce43-fcaee4bf1ce5,442952,0.00442952,34
682,2020-04-26T13:13:47.387Z,XBTUSD,Sell,35,7675.5,ZeroMinusTick,26eeb031-7bf4-7be6-d849-7ad4a6660d48,455980,0.0045598,35
683,2020-04-26T13:13:47.387Z,XBTUSD,Sell,39,7675.5,ZeroMinusTick,d546500b-ef7b-a4c7-2428-a5284a854bec,508092,0.00508092,39
684,2020-04-26T13:13:47.387Z,XBTUSD,Sell,21,7675.5,ZeroMinusTick,5b04ebd8-4d45-496b-42b7-4e8ba863833f,273588,0.00273588,21
685,2020-04-26T13:13:47.387Z,XBTUSD,Sell,26,7675.5,ZeroMinusTick,ef74a56e-1be5-e2bd-8d1a-1c40fd189976,338728,0.00338728,26
686,2020-04-26T13:13:47.387Z,XBTUSD,Sell,34,7675.5,ZeroMinusTick,0dc94f6f-2c83-6876-f83c-724f87018df8,442952,0.00442952,34
687,2020-04-26T13:13:47.387Z,XBTUSD,Sell,26,7675.5,ZeroMinusTick,75e13c29-cf73-f8d0-9c08-fa4c8f786ba8,338728,0.00338728,26
688,2020-04-26T13:13:47.387Z,XBTUSD,Sell,40,7675.5,ZeroMinusTick,400e53dc-081b-9c50-6aa6-454c8c04c645,521120,0.0052112,40
689,2020-04-26T13:13:47.387Z,XBTUSD,Sell,27,7675.5,ZeroMinusTick,301be681-2bda-4512-e7f6-94971b8e0276,351756,0.00351756,27
690,2020-04-26T13:13:47.387Z,XBTUSD,Sell,24,7675.5,ZeroMinusTick,92f0c345-073c-7da5-43ee-9f576cd791bd,312672,0.00312672,24
691,2020-04-26T13:13:47.387Z,XBTUSD,Sell,60,7675.5,ZeroMinusTick,8a2c6c4e-a2c7-be15-dbba-2bf7447de69c,781680,0.0078168,60
692,2020-04-26T13:13:47.387Z,XBTUSD,Sell,400,7675.5,MinusTick,0f04eba0-a49d-e97a-5d1c-57d45c76044d,5211200,0.052112,400
693,2020-04-26T13:13:47.387Z,XBTUSD,Sell,58656,7676.0,ZeroMinusTick,6fc469cb-25d4-c58f-839f-8b3a34e51d84,764170368,7.64170368,58656
694,2020-04-26T13:13:47.344Z,XBTUSD,Sell,1344,7676.0,ZeroMinusTick,c1905f97-9e36-74f8-226d-f77ca07576bd,17509632,0.17509632,1344
695,2020-04-26T13:13:47.344Z,XBTUSD,Sell,28,7676.0,ZeroMinusTick,6d0fb226-7ec3-8d5b-9c8f-a9f271bef5ca,364784,0.00364784,28
696,2020-04-26T13:13:47.344Z,XBTUSD,Sell,5000,7676.0,ZeroMinusTick,5d95169e-e64c-6568-e614-9afaff800da4,65140000,0.6514,5000
697,2020-04-26T13:13:47.344Z,XBTUSD,Sell,6,7676.0,ZeroMinusTick,7b630d3c-aeef-715c-b295-399c74b58657,78168,0.00078168,6
698,2020-04-26T13:13:47.344Z,XBTUSD,Sell,3622,7676.0,ZeroMinusTick,4f35733c-c344-2192-94dd-a2a122c9e0bd,47187416,0.47187416,3622
699,2020-04-26T13:13:47.128Z,XBTUSD,Sell,1378,7676.0,ZeroMinusTick,907da6b2-03ac-340c-6cb5-1ba6fe68f557,17952584,0.17952584,1378
700,2020-04-26T13:13:47.128Z,XBTUSD,Sell,22,7676.0,ZeroMinusTick,0c1f5d94-b434-5d6e-c7b8-d6e7a93607b5,286616,0.00286616,22
701,2020-04-26T13:13:47.068Z,XBTUSD,Sell,30,7676.0,ZeroMinusTick,f26d87e3-68b9-abb3-b27e-7c618c763621,390840,0.0039084,30
702,2020-04-26T13:13:47.068Z,XBTUSD,Sell,38,7676.0,ZeroMinusTick,43b3aa8d-c09a-bc3e-3c0d-06cb41b5d9c8,495064,0.00495064,38
703,2020-04-26T13:13:47.068Z,XBTUSD,Sell,21,7676.0,ZeroMinusTick,44680829-c93d-a45f-7361-6991e8f604ea,273588,0.00273588,21
704,2020-04-26T13:13:47.068Z,XBTUSD,Sell,35,7676.0,ZeroMinusTick,6a55b237-bae7-3205-955d-ed60353c2314,455980,0.0045598,35
705,2020-04-26T13:13:47.068Z,XBTUSD,Sell,29,7676.0,ZeroMinusTick,f21a218a-fda1-b74d-76d4-fa1d5dd56117,377812,0.00377812,29
706,2020-04-26T13:13:47.068Z,XBTUSD,Sell,26,7676.0,ZeroMinusTick,8ac3ba8b-b2f5-b828-54a9-4a82bb255227,338728,0.00338728,26
707,2020-04-26T13:13:47.068Z,XBTUSD,Sell,26,7676.0,ZeroMinusTick,02170ce7-41c8-cf98-a160-3c9f506fcf65,338728,0.00338728,26
708,2020-04-26T13:13:47.068Z,XBTUSD,Sell,24,7676.0,ZeroMinusTick,5dc2c993-5856-f8e8-e240-1561572a0825,312672,0.00312672,24
709,2020-04-26T13:13:47.068Z,XBTUSD,Sell,37,7676.0,ZeroMinusTick,33dfe55a-96ee-881f-2dd0-0ea2979d8769,482036,0.00482036,37
710,2020-04-26T13:13:47.068Z,XBTUSD,Sell,100,7676.0,ZeroMinusTick,5ad7115a-2efc-7099-859d-be21d3dc7c0d,1302800,0.013028,100
711,2020-04-26T13:13:47.068Z,XBTUSD,Sell,100,7676.0,ZeroMinusTick,84d8d9a5-abc7-4a95-e762-e83807495f2b,1302800,0.013028,100
712,2020-04-26T13:13:47.068Z,XBTUSD,Sell,22,7676.0,ZeroMinusTick,5185df80-cfed-1650-4d0f-b8816117a5e1,286616,0.00286616,22
713,2020-04-26T13:13:47.068Z,XBTUSD,Sell,34,7676.0,ZeroMinusTick,7f88b3f8-1178-c931-cd50-bc070a6f3208,442952,0.00442952,34
714,2020-04-26T13:13:47.068Z,XBTUSD,Sell,24,7676.0,ZeroMinusTick,f474f2f4-a656-8420-ff97-51207c5191e3,312672,0.00312672,24
715,2020-04-26T13:13:47.068Z,XBTUSD,Sell,27,7676.0,ZeroMinusTick,9b278b22-eaf3-1b96-0040-8fd4fe4253f3,351756,0.00351756,27
716,2020-04-26T13:13:47.068Z,XBTUSD,Sell,30,7676.0,ZeroMinusTick,f483c054-3227-dd51-de0f-741324b4c268,390840,0.0039084,30
717,2020-04-26T13:13:47.068Z,XBTUSD,Sell,38,7676.0,ZeroMinusTick,d2c4d47d-6b1c-9636-7f59-810a7eb9b4fd,495064,0.00495064,38
718,2020-04-26T13:13:47.068Z,XBTUSD,Sell,30,7676.0,ZeroMinusTick,0ded723c-1cbd-d130-db01-d2b761aaaba0,390840,0.0039084,30
719,2020-04-26T13:13:47.068Z,XBTUSD,Sell,118,7676.0,ZeroMinusTick,f3dd90be-06f0-9d82-d5e2-e44d7c62327c,1537304,0.01537304,118
720,2020-04-26T13:13:47.068Z,XBTUSD,Sell,23,7676.0,ZeroMinusTick,66f575a6-67d0-d49a-968d-da1e1d7cc19e,299644,0.00299644,23
721,2020-04-26T13:13:47.068Z,XBTUSD,Sell,1,7676.0,ZeroMinusTick,0d8b2166-8d07-7fdf-4110-b35463dc7eeb,13028,0.00013028,1
722,2020-04-26T13:13:47.068Z,XBTUSD,Sell,1,7676.0,ZeroMinusTick,adb96fc3-6763-da11-2f6d-a960fd1363bf,13028,0.00013028,1
723,2020-04-26T13:13:47.068Z,XBTUSD,Sell,750,7676.0,ZeroMinusTick,aeecfd4f-a193-3d49-5169-2487dc3714d7,9771000,0.09771,750
724,2020-04-26T13:13:47.068Z,XBTUSD,Sell,20,7676.0,ZeroMinusTick,a15fd699-18f3-1f8d-c3a1-7ea8b421494b,260560,0.0026056,20
725,2020-04-26T13:13:47.068Z,XBTUSD,Sell,258,7676.0,ZeroMinusTick,5ed1c727-6a36-024e-a136-423542271324,3361224,0.03361224,258
726,2020-04-26T13:13:47.068Z,XBTUSD,Sell,80,7676.0,ZeroMinusTick,66804745-1622-8cba-24ce-806a9c4cbb17,1042240,0.0104224,80
727,2020-04-26T13:13:47.068Z,XBTUSD,Sell,78,7676.0,ZeroMinusTick,506381d2-cf18-680f-f775-6748006ef0aa,1016184,0.01016184,78
728,2020-04-26T13:13:46.948Z,XBTUSD,Sell,1102,7676.0,ZeroMinusTick,ddde6da9-3019-20de-363c-b27acb9b4ff0,14356856,0.14356856,1102
729,2020-04-26T13:13:46.948Z,XBTUSD,Sell,98,7676.0,ZeroMinusTick,42b02951-a34a-94e1-5915-7cf350161b1d,1276744,0.01276744,98
730,2020-04-26T13:13:46.922Z,XBTUSD,Sell,2,7676.0,MinusTick,181ac8d8-49c2-709c-fab3-39a47ccfa0c3,26056,0.00026056,2
731,2020-04-26T13:13:46.894Z,XBTUSD,Sell,57,7676.5,ZeroMinusTick,7481b93a-224a-8594-2e9a-addbbcd6bcbd,742539,0.00742539,57
732,2020-04-26T13:13:46.894Z,XBTUSD,Sell,46,7676.5,ZeroMinusTick,54faa6df-be67-7aa3-21a4-332bce6c23c4,599242,0.00599242,46
733,2020-04-26T13:13:46.894Z,XBTUSD,Sell,74,7676.5,ZeroMinusTick,7e2cb699-a192-c4dc-88e4-1923c5c2caf1,963998,0.00963998,74
734,2020-04-26T13:13:46.894Z,XBTUSD,Sell,38,7676.5,ZeroMinusTick,36ce1e01-e35b-6b60-9301-84bc2dc987c8,495026,0.00495026,38
735,2020-04-26T13:13:46.894Z,XBTUSD,Sell,29,7676.5,ZeroMinusTick,51b23be8-28f1-8a90-797d-9a6b0c8eb313,377783,0.00377783,29
736,2020-04-26T13:13:46.894Z,XBTUSD,Sell,23,7676.5,ZeroMinusTick,38f4f93c-3cde-c72b-d31d-0407fa405639,299621,0.00299621,23
737,2020-04-26T13:13:46.894Z,XBTUSD,Sell,39,7676.5,ZeroMinusTick,ec04c0ef-e715-5875-8a03-562824dd782d,508053,0.00508053,39
738,2020-04-26T13:13:46.894Z,XBTUSD,Sell,32,7676.5,ZeroMinusTick,e607189d-457e-9d74-bb55-037d1e0f0338,416864,0.00416864,32
739,2020-04-26T13:13:46.894Z,XBTUSD,Sell,23,7676.5,ZeroMinusTick,244467db-f648-8403-9723-e82c3a7d24ed,299621,0.00299621,23
740,2020-04-26T13:13:46.894Z,XBTUSD,Sell,34,7676.5,ZeroMinusTick,798f3909-360a-75db-481c-30d84e897b27,442918,0.00442918,34
741,2020-04-26T13:13:46.894Z,XBTUSD,Sell,40,7676.5,ZeroMinusTick,39f28f98-656b-a420-1770-53f9af6e7405,521080,0.0052108,40
742,2020-04-26T13:13:46.894Z,XBTUSD,Sell,22,7676.5,ZeroMinusTick,6d9c5d7e-c1ca-4b6d-464d-0b4b90812a35,286594,0.00286594,22
743,2020-04-26T13:13:46.894Z,XBTUSD,Sell,31,7676.5,ZeroMinusTick,2037feea-c032-ee9f-246b-2dfd3061ac81,403837,0.00403837,31
744,2020-04-26T13:13:46.894Z,XBTUSD,Sell,35,7676.5,ZeroMinusTick,7cd12583-829f-bded-299e-7f1c9fce33a6,455945,0.00455945,35
745,2020-04-26T13:13:46.894Z,XBTUSD,Sell,100,7676.5,ZeroMinusTick,a0bb275a-0a8f-8136-a8a2-c41dc9eb2394,1302700,0.013027,100
746,2020-04-26T13:13:46.894Z,XBTUSD,Sell,60,7676.5,ZeroMinusTick,3a9f6620-c1e3-eead-0b1e-e448fea3a187,781620,0.0078162,60
747,2020-04-26T13:13:46.894Z,XBTUSD,Sell,20,7676.5,ZeroMinusTick,a7fd49b5-9407-d4de-eb1b-370b85fd4207,260540,0.0026054,20
748,2020-04-26T13:13:46.894Z,XBTUSD,Sell,20,7676.5,ZeroMinusTick,7508386d-21e1-0a81-a262-b6ca755c70cd,260540,0.0026054,20
749,2020-04-26T13:13:46.894Z,XBTUSD,Sell,8,7676.5,ZeroMinusTick,86544d24-5252-dc55-d73c-b60bcce3155e,104216,0.00104216,8
750,2020-04-26T13:13:46.894Z,XBTUSD,Sell,400,7676.5,MinusTick,211e3239-b775-9d19-76db-a9f134f9c33c,5210800,0.052108,400
751,2020-04-26T13:13:46.894Z,XBTUSD,Sell,10,7677.0,ZeroMinusTick,e71c5a5d-775d-9145-20c7-224dab1330ea,130260,0.0013026,10
752,2020-04-26T13:13:46.894Z,XBTUSD,Sell,20,7677.0,ZeroMinusTick,4c3ca3c8-aadd-e267-afd1-e02c919d7aa2,260520,0.0026052,20
753,2020-04-26T13:13:46.894Z,XBTUSD,Sell,52,7677.0,ZeroMinusTick,5a3b6310-a063-ced6-4df2-bc036ce148c1,677352,0.00677352,52
754,2020-04-26T13:13:46.894Z,XBTUSD,Sell,112,7677.0,ZeroMinusTick,128af33a-f756-2855-1cdd-a98ea2d85ac3,1458912,0.01458912,112
755,2020-04-26T13:13:46.894Z,XBTUSD,Sell,25,7677.0,ZeroMinusTick,f384630e-1e30-129f-e461-7f6677fcd2d3,325650,0.0032565,25
756,2020-04-26T13:13:46.894Z,XBTUSD,Sell,35,7677.0,ZeroMinusTick,71bc7a30-9ad4-3fad-e1bf-2f9ab4b6010f,455910,0.0045591,35
757,2020-04-26T13:13:46.894Z,XBTUSD,Sell,32,7677.0,ZeroMinusTick,bdd05b23-0002-1219-55d9-547c1c29984c,416832,0.00416832,32
758,2020-04-26T13:13:46.894Z,XBTUSD,Sell,40,7677.0,ZeroMinusTick,5feb0d69-22c9-289a-4567-aaf5ce5aafb9,521040,0.0052104,40
759,2020-04-26T13:13:46.894Z,XBTUSD,Sell,33,7677.0,ZeroMinusTick,27ec1660-538c-3d1d-cccc-39844aeedf5b,429858,0.00429858,33
760,2020-04-26T13:13:46.894Z,XBTUSD,Sell,40,7677.0,ZeroMinusTick,25ca1848-0a71-2b59-a546-4eeb9c504a95,521040,0.0052104,40
761,2020-04-26T13:13:46.894Z,XBTUSD,Sell,25,7677.0,ZeroMinusTick,793b8f84-2ed0-ad2e-b5b2-bcbfbd8f707e,325650,0.0032565,25
762,2020-04-26T13:13:46.894Z,XBTUSD,Sell,21,7677.0,ZeroMinusTick,7862cb76-1ba0-a423-7b85-472169843aaa,273546,0.00273546,21
763,2020-04-26T13:13:46.894Z,XBTUSD,Sell,39,7677.0,ZeroMinusTick,82b37855-c2e3-7797-ed69-05409e267e67,508014,0.00508014,39
764,2020-04-26T13:13:46.894Z,XBTUSD,Sell,25,7677.0,ZeroMinusTick,0b69b0d1-95e5-3c0d-6999-e5a3dee56410,325650,0.0032565,25
765,2020-04-26T13:13:46.894Z,XBTUSD,Sell,31,7677.0,ZeroMinusTick,b78fe72c-e7ff-5289-a849-f68bc93a5c15,403806,0.00403806,31
766,2020-04-26T13:13:46.894Z,XBTUSD,Sell,40,7677.0,ZeroMinusTick,9dfa06c5-814b-9d5e-2523-898d4d2e9052,521040,0.0052104,40
767,2020-04-26T13:13:46.894Z,XBTUSD,Sell,32,7677.0,ZeroMinusTick,1bf2607d-2a40-eef0-9fcb-57f84f2d9753,416832,0.00416832,32
768,2020-04-26T13:13:46.894Z,XBTUSD,Sell,20000,7677.0,ZeroMinusTick,bda050c4-c82a-1205-a63a-20a3a0c3fcea,260520000,2.6052,20000
769,2020-04-26T13:13:46.894Z,XBTUSD,Sell,32,7677.0,ZeroMinusTick,eae626e9-ae55-8b14-cc99-882048ef5fe3,416832,0.00416832,32
770,2020-04-26T13:13:46.894Z,XBTUSD,Sell,68,7677.0,ZeroMinusTick,eeb2083c-d133-5d44-7588-027ccbb06223,885768,0.00885768,68
771,2020-04-26T13:13:46.894Z,XBTUSD,Sell,27,7677.0,ZeroMinusTick,8d6fac4f-fd93-dfad-b38b-68ed95c2bc41,351702,0.00351702,27
772,2020-04-26T13:13:46.894Z,XBTUSD,Sell,396,7677.0,ZeroMinusTick,8d03430c-14ec-593f-393f-6c12a7980872,5158296,0.05158296,396
773,2020-04-26T13:13:46.894Z,XBTUSD,Sell,588,7677.0,ZeroMinusTick,a2efb1ad-8957-46f2-a112-b0205bf0dbf0,7659288,0.07659288,588
774,2020-04-26T13:13:46.894Z,XBTUSD,Sell,26,7677.0,ZeroMinusTick,99f41009-497a-411a-fe6f-c659f6940541,338676,0.00338676,26
775,2020-04-26T13:13:46.894Z,XBTUSD,Sell,325,7677.0,ZeroMinusTick,03e807da-418b-9dd9-098a-620c0fbff4ae,4233450,0.0423345,325
776,2020-04-26T13:13:46.894Z,XBTUSD,Sell,40,7677.0,ZeroMinusTick,a4703775-4c50-f205-b0fe-61d20dcd23dd,521040,0.0052104,40
777,2020-04-26T13:13:46.894Z,XBTUSD,Sell,21,7677.0,ZeroMinusTick,388ba18e-60eb-1741-3cf4-e4f265fb3b04,273546,0.00273546,21
778,2020-04-26T13:13:46.894Z,XBTUSD,Sell,11,7677.0,ZeroMinusTick,d4ea2016-468c-5353-5f3a-86e9375ef656,143286,0.00143286,11
779,2020-04-26T13:13:46.894Z,XBTUSD,Sell,281,7677.0,ZeroMinusTick,e979e3ea-a213-1f49-1c90-37f224b6ce71,3660306,0.03660306,281
780,2020-04-26T13:13:46.894Z,XBTUSD,Sell,113,7677.0,ZeroMinusTick,81cd0553-12ac-0f58-11ea-fcbc92fa0875,1471938,0.01471938,113
781,2020-04-26T13:13:46.894Z,XBTUSD,Sell,149,7677.0,ZeroMinusTick,6978514a-8869-465d-924b-a2cb9ca60fda,1940874,0.01940874,149
782,2020-04-26T13:13:46.894Z,XBTUSD,Sell,551,7677.0,ZeroMinusTick,5ed144db-4248-7472-21da-44ad28447491,7177326,0.07177326,551
783,2020-04-26T13:13:46.894Z,XBTUSD,Sell,24,7677.0,ZeroMinusTick,97459542-7210-7c21-bd62-6ba1948dc677,312624,0.00312624,24
784,2020-04-26T13:13:46.894Z,XBTUSD,Sell,212,7677.0,ZeroMinusTick,b81c3189-f079-b801-e3c2-dc816d1a3404,2761512,0.02761512,212
785,2020-04-26T13:13:46.894Z,XBTUSD,Sell,2067,7677.0,ZeroMinusTick,e896bc7a-c9ad-6844-426e-e4d35bb01a4f,26924742,0.26924742,2067
786,2020-04-26T13:13:46.894Z,XBTUSD,Sell,35,7677.0,ZeroMinusTick,b792cb16-8423-d9fb-8c59-dc68814d4d50,455910,0.0045591,35
787,2020-04-26T13:13:46.894Z,XBTUSD,Sell,468,7677.0,ZeroMinusTick,093a9031-7cba-039b-b03e-306038ea21cb,6096168,0.06096168,468
788,2020-04-26T13:13:46.894Z,XBTUSD,Sell,67,7677.0,ZeroMinusTick,92881fb7-1aa0-33b5-a249-3769997ac67d,872742,0.00872742,67
789,2020-04-26T13:13:46.894Z,XBTUSD,Sell,151,7677.0,ZeroMinusTick,2ce2ca84-cae9-0f44-3e89-0fa596178b49,1966926,0.01966926,151
790,2020-04-26T13:13:46.894Z,XBTUSD,Sell,44,7677.0,ZeroMinusTick,a64d6aeb-3aca-90ad-7323-dcb47bbd2450,573144,0.00573144,44
791,2020-04-26T13:13:46.894Z,XBTUSD,Sell,111,7677.0,ZeroMinusTick,ee1101d3-26c2-7d8a-cc14-4c94137d4be1,1445886,0.01445886,111
792,2020-04-26T13:13:46.894Z,XBTUSD,Sell,225,7677.0,ZeroMinusTick,1792d66f-8a0e-35a0-406f-d3c4fe47eac4,2930850,0.0293085,225
793,2020-04-26T13:13:46.894Z,XBTUSD,Sell,701,7677.0,ZeroMinusTick,d7099465-c9e8-f802-83b7-05f1df6ab9ac,9131226,0.09131226,701
794,2020-04-26T13:13:46.894Z,XBTUSD,Sell,95,7677.0,ZeroMinusTick,7606bf0e-a28b-3a86-66f0-1bb6392aca2c,1237470,0.0123747,95
795,2020-04-26T13:13:46.894Z,XBTUSD,Sell,150,7677.0,ZeroMinusTick,b6f86e89-acbe-0392-0fe2-c1e00ef38611,1953900,0.019539,150
796,2020-04-26T13:13:46.894Z,XBTUSD,Sell,90,7677.0,ZeroMinusTick,66b5e309-92ae-cf05-72ab-7bd792efb994,1172340,0.0117234,90
797,2020-04-26T13:13:46.894Z,XBTUSD,Sell,40,7677.0,ZeroMinusTick,f0df7ddd-02b2-8164-216a-da4534611c7f,521040,0.0052104,40
798,2020-04-26T13:13:46.894Z,XBTUSD,Sell,346,7677.0,ZeroMinusTick,17225381-e609-a8d4-3d05-db01c853c96a,4506996,0.04506996,346
799,2020-04-26T13:13:46.894Z,XBTUSD,Sell,18,7677.0,ZeroMinusTick,38cadb19-1391-5ed8-7abf-23adf859682d,234468,0.00234468,18
800,2020-04-26T13:13:46.894Z,XBTUSD,Sell,106,7677.0,ZeroMinusTick,a8078623-1868-9621-9a19-903ab7380218,1380756,0.01380756,106
801,2020-04-26T13:13:46.894Z,XBTUSD,Sell,76,7677.0,ZeroMinusTick,d9aa8908-b9f9-7d02-bcce-165a56476d54,989976,0.00989976,76
802,2020-04-26T13:13:46.894Z,XBTUSD,Sell,171,7677.0,ZeroMinusTick,3bfe938e-f8a2-338b-5303-5818b3e89eca,2227446,0.02227446,171
803,2020-04-26T13:13:46.894Z,XBTUSD,Sell,67,7677.0,ZeroMinusTick,0486428b-1a3b-2d5d-efb8-03d6eb34caab,872742,0.00872742,67
804,2020-04-26T13:13:46.894Z,XBTUSD,Sell,66,7677.0,ZeroMinusTick,a677b0f6-3306-7658-cd02-8e33c4ef2537,859716,0.00859716,66
805,2020-04-26T13:13:46.894Z,XBTUSD,Sell,373,7677.0,ZeroMinusTick,3719e289-35f8-45fb-7c15-142dece2f24a,4858698,0.04858698,373
806,2020-04-26T13:13:46.894Z,XBTUSD,Sell,29,7677.0,ZeroMinusTick,eacc06ba-2f41-3dc0-f870-f491672f8589,377754,0.00377754,29
807,2020-04-26T13:13:46.894Z,XBTUSD,Sell,22,7677.0,ZeroMinusTick,42b1fd83-ad86-d573-bf94-d19cadda1023,286572,0.00286572,22
808,2020-04-26T13:13:46.894Z,XBTUSD,Sell,149,7677.0,ZeroMinusTick,2adfa33a-4b48-484a-bb56-9c184b50e301,1940874,0.01940874,149
809,2020-04-26T13:13:46.894Z,XBTUSD,Sell,466,7677.0,ZeroMinusTick,bdc1eead-923b-3254-d6be-9f0a3c37b6fa,6070116,0.06070116,466
